1732 3169
38 183 72 227 ⁴lll
141 183 285 238 Philosophiae
297 180 404 221 Hormostt
415 180 468 220 Pois
485 180 503 220 I.
518 180 618 232 Quaestio
630 181 660 221 Il.
674 177 693 233 ᾗ.
702 180 724 220 9.

39 306 147 351 maiorem
163 301 209 346 virn
227 298 313 360 adepta
329 314 376 344 non
393 298 500 359 relinquit
517 300 560 345 nisi
577 314 648 345 unurn
665 301 756 362 logicae
776 299 823 344 dif-

38 374 141 420 ficultatis
154 369 287 432 vestigium3
307 370 458 433 conspicuum
469 369 526 415 illud
539 369 632 432 quidem
649 370 740 431 inshoc,
759 368 823 432 quod

38 444 133 492 videri
149 448 229 505 potest
245 440 333 489 homini
350 442 433 489 eadem
450 458 487 489 res
505 442 620 504 quaedam
638 442 712 489 ethice
724 444 824 505 probata

39 531 94 573 esse,
111 515 188 577 logice
203 519 282 560 tamen
298 530 345 560 non
358 513 479 578 probanda
491 531 549 563 esse.
560 541 591 549 -
612 514 764 575 Nequaquam
778 529 824 576 ego

39 586 143 647 equidem
163 585 229 631 illam
250 586 319 632 mali
345 587 517 633 medicinam
546 586 667 633 Hermesio
694 585 824 643 obtulerim,

38 674 106 718 quam
127 657 164 702 alii
183 657 247 702 velut
265 657 394 704 Herbartus
411 658 476 704 nobis
493 658 647 720 proiecerunt.
681 657 760 701 Nolim
778 655 825 700 dif-

38 728 99 785 ferri,
118 733 141 773 et
162 728 239 773 animo
259 728 353 788 quidem
371 728 485 790 patienter
501 729 548 774 hoc
566 728 668 784 ferente,
696 727 826 788 logicorum

40 804 62 844 et
86 797 213 844 ethicorum
233 798 293 843 inter
321 815 345 844 se
373 800 558 856 consensionem,
592 813 665 859 usque
687 789 743 843 dum
766 796 826 841 haec

39 870 118 927 ambo,
145 869 268 929 separatim
286 869 407 913 tractando
425 885 463 926 ea,
486 869 517 913 ad
535 884 600 913 suum
618 883 724 928 quaeque
741 868 826 912 exitum

38 938 151 999 perducta
163 938 212 981 sint.
248 938 309 981 Nam
326 942 425 998 aguntur
442 952 479 982 res
498 943 520 982 et
532 938 689 982 universorum
707 941 730 982 et
746 936 825 996 singu-

38 1008 114 1051 lorum
132 1006 252 1051 hominurn
270 1011 294 1050 et
311 1007 423 1050 araximae
447 1011 470 1050 et
491 1006 694 1066 praesentissimae.
738 1005 826 1049 Verum

40 1076 99 1120 enim
119 1089 186 1131 vero,
224 1074 288 1133 quod
311 1075 430 1119 eruditioni
452 1075 543 1136 generis
566 1074 661 1118 humani
679 1074 827 1134 propositum

40 1144 161 1190 existimari
178 1144 255 1197 dehet,
272 1143 335 1188 idem
357 1159 401 1204 par
419 1143 462 1188 fuit
478 1144 508 1189 ab
522 1143 644 1188 Hermesio
662 1158 717 1188 suae
734 1142 826 1187 theolo-

40 1214 145 1277 gicorum
162 1214 331 1276 praeparationi
348 1214 494 1276 propositum
511 1214 637 1259 existimari.
681 1213 740 1259 Dico
764 1213 826 1276 logi-

41 1302 121 1332 corum
143 1292 166 1331 et
188 1285 315 1331 ethicorum
335 1285 394 1331 inter
419 1302 444 1333 se
467 1286 650 1342 consensionem
680 1284 826 1332 efficiendam

40 1357 103 1403 illam
118 1357 211 1418 quidem
226 1372 255 1402 ex
269 1356 375 1403 continui
384 1362 533 1418 utrorumque
548 1357 713 1403 coniunctione.
748 1357 826 1417 Atque

39 1426 100 1473 hane
124 1444 176 1473 eam
203 1428 266 1486 dico,
293 1444 338 1490 per
360 1445 430 1488 quam
451 1430 475 1474 in
497 1444 527 1474 ne
549 1428 697 1474 minutissimi
732 1427 825 1488 quidem

40 1500 199 1558 quaestionum
219 1504 285 1559 parte
304 1498 413 1559 cogitatio
431 1499 513 1544 mentis
532 1498 561 1543 ab
580 1498 740 1544 observatione
759 1503 839 1543 natu-'

40 1584 79 1614 rae
98 1569 291 1627 connexionisque
311 1583 389 1612 rernm
403 1573 427 1613 et
440 1567 558 1613 hominum
574 1569 712 1629 seiungatur.
748 1568 828 1613 Altera

40 1637 161 1698 quaedam,
180 1653 253 1696 eaque
269 1637 348 1698 priore
366 1636 410 1682 ista
429 1638 501 1682 multo
521 1638 589 1682 etiam
605 1638 694 1694 fortior,
712 1637 767 1682 mali
778 1653 828 1682 me-

41 1708 114 1751 dicina
133 1708 175 1751 sita
192 1707 261 1751 fuerit
279 1712 342 1751 extra
358 1707 416 1752 fines
431 1708 485 1752 artis
504 1712 527 1751 et
544 1707 676 1767 disciplinae
693 1706 741 1751 sive
759 1706 829 1751 theo-

41 1776 132 1836 logicae
151 1777 198 1820 sive
218 1775 403 1835 philosophicae.
438 1776 498 1820 Dico
518 1792 597 1820 curam
616 1776 748 1821 eruditionis
768 1775 829 1819 ethi-

43 1860 84 1887 cae
106 1844 178 1901 ipsius
200 1843 223 1886 in
244 1843 299 1902 ipsis
322 1843 451 1887 hominibus
474 1845 602 1904 augendae.
652 1844 739 1887 Modus
768 1844 829 1886 enim

43 1911 142 1957 ethicam
159 1925 237 1955 rerum
257 1910 421 1956 credendarum
436 1914 594 1957 necessitatem
616 1913 656 1956 vel
674 1912 829 1972 cognoscendi

42 1981 80 2024 vel
102 1979 244 2024 monstrandi
265 1979 434 2024 efficacissimus
458 1987 481 2025 et
501 1981 556 2026 hine
580 1981 716 2026 certissimus
737 1982 761 2026 in
783 1981 830 2026 hoc

42 2051 113 2111 inest,
131 2056 156 2095 ut
173 2050 269 2113 proprio
285 2050 382 2111 quisque
399 2066 441 2096 usu
459 2053 518 2097 vitae
533 2054 584 2115 ipse
602 2053 736 2113 cognoverit
752 2052 830 2112 itaque

42 2124 121 2168 intimo
144 2122 220 2168 animo
244 2122 370 2183 susceperit
394 2121 460 2168 istam
484 2124 648 2170 necessitatem.
683 2121 737 2167 Hoc
759 2122 830 2167 modo

44 2193 136 2256 cognita
158 2197 313 2254 susceptaque
341 2193 464 2239 necessitas
488 2193 564 2239 ethica
585 2194 644 2239 valet
666 2190 748 2238 invicti
766 2193 789 2239 vi
808 2199 831 2239 et

43 2269 168 2325 potestate,
191 2280 238 2310 non
252 2268 339 2308 tantum
356 2263 386 2307 ad
400 2263 552 2309 abiciendum
565 2262 723 2321 dubitationes,
745 2263 787 2309 sed
799 2264 830 2308 ad

45 2334 198 2395 superandum
215 2334 283 2379 etiam
301 2334 401 2379 rationes
419 2333 544 2380 dubitandi.
583 2333 673 2396 Logica
691 2333 829 2379 theoretica-

45 2419 90 2462 que
112 2405 187 2449 omnia
208 2404 352 2449 emendanda
372 2403 526 2464 augendaque
545 2409 597 2449 sunt
618 2420 661 2465 per
685 2405 831 2449 emendatam

46 2472 171 2517 ethicorum
189 2474 331 2536 disciplinam
350 2481 488 2532 auctumque
507 2473 632 2519 eorundem
646 2489 718 2520 usum
753 2473 840 2518 Minus

47 2541 142 2584 vicissim
156 2543 234 2587 ethicis
254 2546 371 2603 provisum
392 2543 460 2587 fuerit
478 2559 521 2603 per
542 2543 757 2589 comminiscendam
778 2557 830 2586 rno-

45 2608 191 2665 liendarnque
208 2612 307 2671 logicam
325 2611 476 2672 theologiam,
501 2613 525 2656 in
543 2628 590 2671 qua
607 2612 740 2656 Hermesius
761 2611 832 2655 vitam

46 2677 177 2723 consumsit.
216 2679 312 2724 Ethicae
330 2696 366 2725 res
387 2688 410 2724 et
430 2696 507 2725 rerum
525 2682 623 2726 rationes
643 2680 738 2741 propius
762 2695 831 2738 quam

45 2749 138 2809 logicae
157 2759 209 2789 cum
228 2747 272 2789 rita
285 2749 402 2795 hominum
416 2756 439 2794 et
451 2765 504 2796 cum
516 2751 562 2796 fine
582 2750 667 2796 cunctis
688 2763 763 2809 aeque
774 2763 831 2808 pro-

47 2818 124 2879 posito
143 2815 293 2864 continentur.

101 2889 207 2950 Denique
243 2885 285 2933 sub
314 2887 382 2935 finem
409 2892 497 2953 primae
529 2891 594 2939 huius
626 2891 696 2953 partis
727 2887 768 2933 ille
800 2887 832 2934 ita

51 2961 246 3022 praeparavit
267 2957 360 3022 quidem
380 2964 536 3023 sequiores
556 2968 669 3026 partes,
697 2965 721 3007 ut
735 2975 832 3023 genera-
