1732 3169
150 172 257 215 Conclusio
275 174 402 230 quaestionis
417 174 445 216 de
460 176 544 218 notione
558 172 700 234 effugandi.
782 166 815 214 31

32 297 164 355 necessaria,
175 295 224 345 hoc
240 313 310 345 unum
324 299 444 363 praecepit
461 300 599 347 Hermesius.
634 298 759 361 Praecepit
776 313 817 343 au-

32 381 86 428 tem,
103 371 162 414 latus
179 370 219 430 pio
234 370 338 432 quidem,
368 371 409 417 sed
426 385 497 418 caeco
515 372 629 419 desiderio
645 372 740 431 eodem,
767 385 816 430 quo

31 443 70 503 qui
88 447 141 486 ante
158 441 248 485 eumin
266 442 344 502 logici
361 442 469 501 cuiusque
486 443 534 488 veri
551 444 745 488 demonstratione
760 441 813 488 col-

32 516 132 560 locatam
147 510 266 556 habebant
284 527 377 557 omnem
393 513 505 557 rationem
522 512 714 575 philosophandi.

83 582 176 628 lnane
195 582 290 641 quidem
307 588 347 627 aut
368 583 555 628 temerarium
576 599 622 628 non
639 591 701 630 recte
717 581 816 628 dixerint

31 655 78 701 sive
96 652 222 715 dogmatici
242 654 290 698 sive
306 653 401 714 sceptici
418 652 478 698 istud
497 654 545 698 veri
565 654 702 714 principium
720 653 816 699 herme-

31 726 125 779 siunum,
160 724 271 769 Naturam
288 723 401 784 principii,
420 739 433 767 a
451 739 498 784 quo
511 724 534 768 in
548 724 738 785 philosophando
749 739 816 769 exor-

32 795 111 851 «liaris,
140 794 214 856 magis
236 794 444 854 illeperspectam
466 794 547 840 habuit
573 811 643 855 quam
664 794 758 856 plurimi
787 807 816 839 ex

32 865 170 926 dogmaticis
187 869 240 909 ante
255 880 314 909 eum.
350 864 460 921 Providit,
477 880 507 910 ne
521 865 544 909 in
560 865 611 927 ipso
627 866 720 910 introitu
735 863 816 925 philo-

31 936 129 997 sophiae
146 940 185 980 aut
201 934 363 980 intercluderet
380 940 419 979 aut
438 941 578 994 perverteret
598 936 673 992 viam,
697 951 744 996 qua
760 949 817 994 per-

32 1006 136 1068 gendum
153 1010 219 1051 esset.
256 1004 328 1063 Cavit,
345 1020 375 1049 ne
389 1005 464 1065 ipsum
478 1006 624 1066 principium,
638 1006 748 1051 sententiat
757 1006 817 1063 quei-

32 1078 87 1121 dam
103 1076 133 1120 de
150 1076 218 1119 rebus
238 1074 307 1119 ullius
330 1075 420 1135 generis
439 1075 514 1131 dioro,
533 1076 645 1121 rationem
669 1090 698 1121 ac
725 1075 817 1119 fontem

32 1146 130 1191 veritatis
157 1143 282 1204 complecti
304 1144 427 1189 videretur.
472 1145 546 1190 Situm
568 1146 593 1189 in
614 1146 655 1189 illo
676 1159 747 1190 unum
766 1143 817 1188 hoc

33 1223 77 1262 est:
90 1215 215 1258 humanam
226 1219 334 1270 mentem,
353 1228 400 1273 quo
409 1227 487 1258 secum
498 1214 612 1270 consistat,
622 1220 732 1274 oportere
744 1213 819 1257 fidem

32 1287 133 1330 tribuere
142 1300 196 1328 suae
208 1283 360 1328 conscientiae
376 1283 422 1336 sui;
439 1298 499 1341 quae
513 1284 573 1328 ferat
587 1284 745 1330 necessitatem
756 1282 819 1327 iudi-

33 1354 108 1411 candi,
116 1355 208 1398 subesse
220 1352 307 1411 aliquid
317 1352 415 1410 ei‚qu0d
426 1352 528 1397 videatur
537 1353 706 1412 esse,idemque
716 1368 762 1398 non
771 1367 819 1397 esse

33 1439 47 1468 a
65 1423 198 1482 cognitione
215 1423 296 1467 mentis
309 1422 415 1467 alienum.
432 1422 508 1468 Docet
519 1423 582 1468 idem
595 1424 653 1469 illud
667 1423 818 1484 principium:

32 1493 146 1552 scepticos
164 1506 269 1554 pugnare
286 1507 339 1537 cum
356 1494 436 1537 naturai
453 1491 566 1551 humanat,
591 1509 645 1539 cum
661 1493 819 1539 necessitatem

34 1561 130 1607 alicuius
144 1561 193 1606 veri
211 1560 352 1614 sustulerint3
375 1561 522 1621 dogmaticos
539 1561 587 1606 hoc
604 1569 699 1607 naturae
715 1562 818 1606 testimo-

33 1632 72 1677 nio
90 1636 113 1675 et
128 1633 162 1688 eti,
180 1645 249 1689 quam
266 1630 326 1675 haec
343 1629 414 1687 ferat,
430 1631 562 1677 necessitate
578 1632 652 1689 abuti,
677 1647 731 1677 cunr
748 1632 818 1675 etiam

33 1716 80 1746 non
94 1700 221 1746 necessaria
236 1714 264 1745 ex
278 1699 326 1746 hoc
343 1701 521 1745 necessariorum
538 1701 603 1746 fonte
629 1702 739 1747 derivem.
774 1701 818 1745 Est

33 1769 92 1816 illud
109 1770 238 1827 universae,
255 1785 302 1814 non
318 1769 476 1814 hermesianae
493 1770 635 1831 potissimum
652 1769 819 1832 philosophiae

33 1840 180 1899 principium.
203 1840 269 1885 Haec
279 1842 319 1884 sud
331 1839 402 1898 ipsius
412 1840 565 1899 explicatione
580 1841 758 1900 comprobanda
774 1845 820 1893 est3

36 1924 63 1954 eo
81 1909 158 1970 igitur,
175 1913 201 1954 nt
219 1924 248 1953 ex
264 1909 315 1969 ipsit
329 1908 486 1969 explicatione
503 1910 647 1956 manifestum
663 1911 698 1967 sit,
717 1909 819 1971 singulas
845 1965 847 1967 v

35 1980 159 2038 explicatas
173 1979 296 2039 particulas
312 1979 399 2022 referre
409 1979 517 2039 principii
526 1986 638 2038 naturam,
654 1980 818 2026 necessitatem.

34 2050 70 2095 Ac
85 2064 114 2094 ne
129 2048 211 2093 modus
226 2048 320 2109 quidem
334 2049 463 2108 explicandi
479 2055 512 2093 est
524 2049 565 2094 illo
580 2050 693 2111 principio
703 2054 740 2093 aut
752 2062 819 2092 com-

34 2117 160 2177 prehensus
179 2123 218 2163 aut
235 2118 380 2180 significatus.
416 2119 511 2163 Poterat
534 2120 593 2165 enim
615 2121 654 2164 illa
672 2117 758 2177 aliquid
775 2132 818 2161 ve-

34 2202 85 2232 rum
108 2188 212 2234 habendi
234 2188 354 2235 necessitas
378 2189 417 2233 vel
440 2189 470 2233 ad
491 2189 593 2250 logicam
613 2190 650 2235 vel
667 2187 698 2232 ad
716 2186 818 2232 ethicam

36 2258 74 2303 vel
94 2259 125 2304 ad
142 2265 263 2319 utramque
276 2260 338 2306 hanc
353 2268 447 2306 naturae
456 2259 571 2306 humanae
587 2259 699 2306 rationem
718 2263 742 2304 et
759 2272 818 2304 con-

35 2328 145 2376 ditionem
163 2345 237 2389 aeque
254 2330 342 2376 referri.

83 2400 165 2461 ltaque
180 2400 360 2446 continenda
372 2405 417 2445 est
432 2398 508 2445 haec
523 2403 622 2445 nostra
638 2397 819 2459 disputatio,

35 2482 80 2515 non
102 2472 227 2533 reprobato
249 2472 301 2531 ipso
319 2471 434 2530 principio
459 2468 642 2530 philosophandi
664 2469 818 2527 hermesiano‚

35 2538 59 2583 in
73 2547 118 2589 unte
132 2543 185 2598 hac,
203 2547 311 2600 quaeest
329 2541 359 2585 de
376 2556 418 2584 usu
435 2540 494 2597 eius,
510 2540 654 2599 quaestione:
683 2556 739 2586 num
757 2544 819 2585 recte

33 2609 70 2665 'ad‘
82 2613 184 2674 logicam
201 2610 342 2672 potissimum
357 2617 459 2654 naturam
475 2609 573 2654 hominis
590 2609 664 2654 relata
678 2612 707 2656 sit
723 2611 763 2655 illa
779 2623 818 2652 ne-

36 2683 139 2737 cessitas3
164 2698 219 2728 num
242 2686 304 2729 recte
325 2680 409 2725 tributa
430 2679 499 2724 menti
522 2679 620 2725 facultas
644 2681 722 2743 logice
749 2692 817 2724 mon·

36 2753 120 2797 strandi
138 2753 228 2813 singula
246 2768 285 2811 ea,
303 2750 333 2794 ad
352 2765 411 2809 quae
428 2750 541 2809 pertineat
557 2750 598 2796 illa
611 2751 729 2799 necessitas
744 2747 817 2793 alicu-

36 2819 70 2865 ius
87 2823 141 2869 veri.
177 2823 230 2878 Qua
249 2821 278 2866 de
301 2836 327 2865 re
348 2819 457 2864 iudicium
480 2819 535 2865 ferri
550 2837 594 2882 par
609 2827 642 2866 est
660 2835 687 2864 ex
704 2820 755 2878 ipso
773 2831 818 2863 usu

36 2886 97 2938 illius
114 2893 206 2955 logicae
221 2889 406 2952 philosophandi
423 2890 515 2936 rationis
533 2892 564 2937 ad
576 2908 611 2937 res
622 2888 731 2949 quasdam
745 2902 818 2949 prae-

37 2959 114 3020 cipuas
133 2963 270 3026 applicatae.
305 2960 360 3007 Uno
378 2960 438 3007 enim
461 2960 510 3010 hoc
531 2962 601 3009 modo
619 2957 714 3019 quodvis
728 2958 818 3019 princi-
