1732 3169
194 186 229 227 De
247 187 340 229 recineret
353 189 439 243 generis
456 189 572 231 ethicorum
590 185 679 231 notarri.
802 181 837 228 35

46 307 133 356 cunctis
147 306 278 356 hominibus
293 311 331 357 vel
347 311 429 372 cuique
444 312 512 358 animi
528 317 550 359 et
563 312 622 359 vitae
635 311 762 361 conditioni
777 325 835 359 con-

44 378 173 442 venientem
189 381 290 442 proponi
308 397 375 443 posse
392 383 494 428 arbitrati
512 389 574 441 sunt,
596 399 624 431 ae
639 384 691 445 plus
706 384 835 429 tribuerunt

43 454 139 495 naturae
155 449 278 507 humanae,
296 468 366 511 quam
383 452 428 497 vita
445 453 610 513 plerorumque
627 453 748 499 hominum
765 468 833 499 com-

42 519 157 581 probavit.
194 519 331 582 Complures
349 527 373 566 et
386 522 488 582 inprimis
506 521 553 566 duo
572 529 623 567 sunt
639 525 686 570 loci
701 523 833 568 eruditionis

43 588 183 646 ethicae‚‘in
200 591 283 650 quibus
300 592 338 635 vel
354 591 453 636 universi
467 590 573 637 homines
590 593 628 637 vel
643 593 727 654 singuli
745 595 832 640 consti-

41 659 84 704 tuti
99 659 316 720 deprehenduntur3
335 661 532 719 quemadmodum
543 662 588 707 fert
602 661 639 708 vel
654 663 738 724 ingenii
753 664 832 709 diver-

42 730 95 774 sitas
112 730 150 775 vel
166 730 277 792 temporis
294 730 431 777 vicissitudo.
471 731 534 778 Huic
554 731 592 778 vel
608 738 701 778 naturae
717 733 755 779 vel
772 748 831 780 con-

42 799 123 846 ditioni
143 802 235 863 generis
257 799 352 846 humani
374 806 549 848 consentaneum
572 808 620 862 est,
650 804 780 864 complures
807 808 831 849 et

41 872 141 918 maxime
157 872 209 918 illas
228 871 284 918 duas
299 888 348 919 esse
365 872 522 935 praecipiendi
540 873 625 920 formas
637 875 776 933 etrationes,
792 874 836 920 of-⁴

40 943 120 990 ficium
138 949 161 989 et
177 944 271 991 bonum.
307 943 397 1006 Legem
412 951 434 990 et
447 946 591 1006 evangelium
601 944 707 1008 theologi
717 946 829 992 dixerunt.

40 1015 87 1061 Par
102 1019 179 1060 autem
194 1020 234 1073 est,
252 1014 282 1061 ad
294 1016 458 1077 plerorumque
472 1016 548 1076 potius
566 1031 635 1076 quam
650 1016 680 1061 ad
699 1031 829 1077 paucorum

40 1085 197 1146 quorundam,
224 1085 255 1132 ad
273 1092 417 1147 praesentem
439 1087 513 1149 magis
530 1102 600 1146 quam
618 1087 648 1133 ad
665 1087 767 1133 futuram
784 1087 829 1132 ali-

41 1172 111 1217 quam
125 1155 245 1202 hominum
259 1157 297 1202 vel
314 1162 418 1203 naturam
433 1157 470 1201 vel
486 1158 640 1204 conditionem
655 1158 829 1204 accommodari

40 1226 140 1272 ethicam
152 1227 346 1287 praeceptionem.
357 1253 393 1261 -
411 1227 490 1282 Quare
499 1227 599 1286 amplior
614 1228 639 1272 in
649 1226 696 1273 hac
712 1228 777 1271 locus
796 1232 830 1272 est

41 1297 113 1343 officii
135 1312 204 1356 quam
225 1297 311 1357 placiti.
353 1296 380 1343 Si
397 1297 492 1357 quidem
512 1297 616 1358 ipsorum
638 1297 676 1342 vel
700 1296 849 1343 ethicorum,

39 1367 79 1412 vel
96 1367 273 1413 aestheticorum
289 1371 393 1413 naturam
408 1373 505 1428 spectas,
523 1366 581 1412 nihil
594 1367 700 1428 impedit,
718 1367 774 1427 quin
787 1367 829 1411 illa

40 1452 94 1484 cum
110 1436 146 1482 his
164 1436 394 1498 comprehendantur.
430 1438 492 1482 Nam
505 1437 615 1496 iudicium
630 1438 660 1481 ab
670 1437 745 1483 anima
755 1452 828 1495 aeque

39 1504 122 1566 fertur,
138 1506 184 1552 sive
198 1507 231 1563 id,
249 1507 279 1552 de
294 1521 340 1565 quo
352 1506 431 1565 fertur,
449 1507 520 1552 menti
532 1506 579 1552 sive
594 1507 695 1552 sensibus
710 1507 829 1552 obiectum

40 1580 89 1632 est,
116 1581 139 1620 et
155 1576 202 1634 sive
219 1582 281 1621 extra
298 1576 416 1621 hominem
434 1576 502 1620 situm
517 1576 564 1620 sive
582 1576 611 1621 ab
629 1574 725 1620 homine
741 1590 828 1635 geren-

40 1644 96 1689 dunr
114 1650 233 1705 gestumve
251 1650 290 1690 est.
315 1646 352 1690 Ac
363 1645 382 1689 si
398 1644 471 1689 solam
488 1649 589 1689 mentem
605 1644 629 1688 in
646 1643 741 1689 homine
758 1659 828 1704 spec-

39 1719 86 1773 tas,
112 1714 229 1771 iudicium,
249 1729 296 1773 quo
314 1713 397 1759 dicitur
413 1713 509 1773 placere
524 1713 648 1759 honestum
666 1719 689 1758 et
704 1713 828 1772 displicere

38 1789 115 1844 turpe,
133 1789 166 1828 est
181 1783 251 1828 menti
263 1782 473 1829 convenientissima
487 1783 560 1841 modi,
577 1798 625 1841 quo
642 1781 715 1827 homo
731 1798 828 1828 movea-

37 1859 82 1914 tur,
99 1854 240 1913 significatio.
275 1853 298 1899 A
309 1852 401 1900 Christo
419 1868 513 1912 quoque
529 1853 669 1914 accepimus,
687 1852 757 1897 finem
775 1868 829 1898 eum

38 1939 88 1970 esse
104 1923 249 1986 propositum
265 1922 384 1970 eruditioni
402 1922 531 1982 hominum,
549 1929 575 1969 ut
591 1922 619 1968 hi
635 1938 715 1968 amore
732 1922 788 1968 boni
806 1928 829 1967 et

39 1994 94 2041 odio
116 1995 172 2041 mali
194 1994 318 2052 ducantur;
347 1994 545 2056 quemadmodum
563 1994 665 2052 ferebat,
687 2009 746 2054 quae
764 1992 828 2054 apud

38 2073 126 2112 veteres
149 2067 253 2114 Graecos
277 2066 321 2112 fuit
346 2069 392 2114 τοῦ
412 2068 489 2113 autori
509 2061 620 2129 κᾷιγαθοῦ
644 2064 826 2126 comprehensio.

38 2136 101 2195 Nec,
119 2139 138 2184 si
155 2137 249 2199 quidem
268 2137 298 2184 de
315 2144 391 2185 mente
409 2138 459 2186 solat
476 2138 545 2195 dicis,
568 2151 710 2200 magnopere
725 2140 769 2192 est,
785 2148 826 2180 cur

38 2207 133 2254 iucundi
148 2216 187 2255 ant
203 2208 320 2256 iniucundi
336 2210 453 2255 notionem
476 2222 505 2254 ex
521 2208 603 2254 tinibus
621 2206 750 2252 ethicorum
767 2220 826 2266 pro-

37 2278 123 2337 pulses,
142 2283 170 2326 ac
186 2281 303 2325 notionem
322 2281 376 2339 eius,
394 2279 459 2340 quod
476 2279 569 2339 placeat
585 2282 624 2322 aut
641 2275 769 2336 displiceat,
786 2275 826 2320 fo-

38 2348 100 2393 ribus
118 2349 205 2396 ethices
221 2356 330 2410 tanquam
348 2350 469 2397 custodem
485 2347 655 2410 praeficias-
669 2344 826 2392 Diversissima

37 2432 93 2463 vero
111 2417 180 2463 fuerit
196 2420 254 2464 ratio
273 2420 319 2476 rei,
336 2421 389 2477 ubi,
410 2426 441 2466 ut
457 2435 501 2481 par
516 2424 561 2475 est,
589 2431 662 2474 aeque
679 2415 779 2461 sensibus
797 2432 826 2463 ac

36 2493 114 2533 mente
133 2487 265 2548 praeditum
285 2488 404 2536 hominem
426 2488 569 2551 spectaretis.
604 2485 686 2545 Causa,
704 2486 735 2531 ob
754 2502 826 2547 quani

36 2556 181 2603 imbecillitas
195 2555 294 2603 hominis
311 2560 383 2604 multo
400 2559 476 2604 minor
489 2560 517 2603 sit
532 2558 556 2601 in
569 2555 670 2601 volendo
684 2556 825 2618 agendoque

37 2623 119 2687 quam
132 2628 157 2672 in
183 2626 308 2688 cogitando
330 2628 553 2690 cognoscendoque,
579 2626 644 2671 nulla
666 2628 780 2688 reperitur
799 2626 823 2668 in

35 2698 200 2757 plerorumque
223 2696 342 2742 homiuum
364 2699 410 2745 vitat
427 2712 456 2743 ac
472 2699 558 2743 natura.
611 2696 662 2741 Nisi
680 2697 740 2742 forte
756 2694 823 2739 ideae

36 2767 103 2827 illae,
130 2782 186 2827 quas
207 2766 295 2828 placuit
319 2767 365 2812 sive
386 2766 521 2812 aestheticas
544 2765 591 2812 sive
612 2768 725 2829 practicas
746 2762 822 2823 potius

38 2852 107 2896 quam
126 2836 211 2883 ethicas
233 2836 358 2899 appellari,
379 2852 423 2898 per
439 2836 537 2882 nominis
553 2838 635 2883 mutati
651 2835 783 2881 illecebram
799 2837 823 2878 et

36 2906 174 2954 lenocinium
192 2907 318 2967 adepturae
333 2913 384 2953 sunt
402 2922 453 2952 eam
467 2923 542 2968 paene
559 2904 716 2953 incredibilem
733 2901 780 2947 vim
799 2908 823 2947 et

37 2983 181 3038 potestatem,
199 2977 299 3039 quaein
317 2977 403 3025 cunctis
420 2978 525 3025 multisve
541 2975 679 3089 mortalibpq
692 2977 714 3018 et
724 2987 767 3034 per
777 2972 823 3018 sin-
