1732 3169
52 168 68 212 2
218 168 324 222 Praefatio
338 165 465 220 quaestionis
478 163 596 206 renitersoe.
617 160 636 217 ξ.
650 162 670 205 1.

50 291 134 338 reflexa
145 294 166 333 et
178 288 207 333 ad
222 302 300 333 verum
313 283 447 330 habendum
462 285 494 343 id,
505 286 569 345 quod
581 286 641 333 haec
652 286 705 346 fert,
716 283 834 346 compulsa

49 370 82 408 est
97 360 223 420 logicarum
242 357 353 402 rationum
370 356 393 403 vi
413 363 435 402 et
452 364 561 418 tanquam
577 356 675 417 physicis
696 356 835 402 necessitate.

50 429 160 478 Arbitrari
180 434 213 473 est
228 429 289 488 eius,
314 428 353 488 qui
375 429 425 489 ipse
448 444 473 473 se
495 434 626 474 commovet
644 428 674 472 ad
693 426 835 473 credendum

48 499 151 562 pervim
170 499 283 544 eiusmodi
299 513 425 556 causarum,
444 515 503 559 qnae
520 499 543 543 in
560 499 631 558 ipsius
648 499 766 544 voluntate
780 497 835 541 sitae

50 586 77 616 ex
96 568 144 614 hac
163 567 212 614 sold
234 569 334 615 afferunt
361 570 470 615 credendi
497 570 660 615 necessitatem.
705 567 835 614 Arbitratur·

49 641 109 686 enim
127 654 198 698 mem,
217 655 265 686 esse
282 655 363 686 verum
380 640 416 696 id,
434 640 498 701 quod
512 639 558 686 fert
575 640 621 685 eius
638 637 776 686 conscientia
793 636 835 691 sui,

48 709 149 772 quando,
168 710 198 755 ad
216 709 264 757 hoc
281 711 372 769 reflexa,
391 712 478 757 sustulit
494 726 540 756 non
559 710 620 771 ipsas
638 709 733 770 quidem
746 708 836 768 logicas

51 796 128 828 causas
146 780 275 837 dubitandi,
299 782 457 827 auctoritatem
480 796 534 827 vero
557 797 642 826 earum.
677 781 738 826 Nam
759 784 836 838 potest

52 852 121 897 etiam
138 866 180 896 suo
199 851 301 911 quodam
318 852 439 908 arbitratu,
463 852 536 897 libere
554 857 577 896 et
592 852 653 896 ultro
673 849 777 910 suscepta
794 864 836 893 ne-

52 922 155 969 cessitate
173 921 300 967 adrerum
318 921 452 966 habendum
471 938 495 968 se
514 922 664 983 compellere,
682 937 709 983 ac
726 921 779 981 plus
794 920 836 963 tri-

50 994 123 1039 buere
137 991 228 1039 ethicae
245 991 301 1038 huic
320 1008 391 1051 quarn
409 992 502 1052 logicae
523 992 557 1035 illi
575 992 709 1040 necessitati.
744 989 836 1036 Accidit

51 1062 106 1119 hoc,
123 1062 216 1122 quando
231 1079 294 1108 mens
305 1077 357 1107 eum
373 1063 457 1123 agendi
469 1060 572 1121 modum,
588 1062 618 1106 ad
633 1068 702 1120 quern
719 1061 836 1120 imperan-

52 1134 109 1179 dum
126 1133 206 1178 natura
224 1132 264 1178 sufi
278 1134 361 1189 fertur,
386 1148 432 1177 non
449 1138 525 1192 potest
541 1132 668 1192 imperare,
687 1131 705 1176 si
726 1147 782 1190 quas
799 1146 836 1176 res

51 1219 98 1249 non
113 1204 200 1248 censuit
218 1219 277 1264 esse,
295 1207 371 1263 potest
388 1218 443 1248 vero
459 1204 584 1263 imperare,
603 1202 689 1247 etiamsi
707 1217 753 1246 non
768 1216 836 1246 mon-

57 1274 136 1318 stravit
154 1289 191 1318 eas
210 1289 265 1321 esse.
293 1273 368 1318 Situm
382 1273 453 1334 igitur
466 1281 499 1318 est
514 1272 649 1333 suffragium
665 1273 688 1317 in
705 1272 835 1318 theoreticis

55 1343 136 1398 causis,
160 1343 277 1387 arbitrium
295 1343 318 1386 in
335 1343 450 1401 practicis.
485 1344 610 1403 Perperam
633 1343 670 1386 alii
690 1348 735 1387 tres
753 1342 836 1387 modos

52 1428 133 1458 verum
146 1412 251 1458 habendi
267 1428 315 1458 esse
327 1412 443 1457 dixerunt:
466 1413 605 1473 opinionem,
617 1413 696 1470 fidem,
711 1412 835 1458 scientiam.

53 1482 140 1543 Opinio
164 1488 187 1527 et
210 1483 302 1528 scientia
324 1497 370 1526 non
399 1483 626 1543 comprehenduntur·
649 1498 703 1528 cum
724 1481 772 1527 fide
793 1498 836 1542 per

52 1551 143 1614 generis
159 1551 260 1596 eiusdem
276 1553 419 1611 dignitatem.
455 1553 552 1604 Alienae
568 1553 623 1595 illae
642 1557 693 1596 sunt
710 1553 747 1597 vel
762 1568 776 1596 a
793 1568 835 1597 ne-

53 1622 154 1668 cessitate
170 1636 252 1666 verum
266 1621 381 1677 habendi‚
403 1623 426 1666 in
451 1637 496 1680 qua
514 1622 588 1682 posita
606 1628 640 1667 est
656 1622 732 1679 fides‚—
749 1622 787 1667 vel
805 1623 835 1667 ab

52 1693 103 1753 ipso
121 1690 230 1737 habendo
246 1706 333 1747 verum,
351 1692 436 1750 inquo
454 1692 552 1737 cernitur
569 1691 633 1736 fides.

108 1761 282 1806 Auctoritas
307 1767 330 1804 et
357 1767 492 1820 potestas
516 1761 591 1806 fidei
613 1762 715 1806 referunt
732 1762 836 1805 naturam

55 1829 117 1875 fidei.
153 1831 284 1875 Auctoritas
301 1830 440 1889 conspicitur
463 1831 487 1874 in
505 1830 532 1874 ed
549 1832 648 1886 ratione,
672 1847 719 1890 qua
735 1836 786 1874 orta
804 1836 837 1874 est

55 1899 114 1944 fides
130 1899 153 1942 in
170 1898 272 1954 homine,
286 1899 310 1943 in
327 1898 443 1945 intellecta
460 1900 530 1960 igitur
548 1915 576 1945 err
594 1899 665 1945 causis
682 1900 725 1945 suis
738 1900 838 1944 necessi-

55 1975 102 2014 tate
119 1968 180 2013 illius
197 1969 265 2013 animi
283 1967 424 2014 conditionis.
454 1969 555 2014 Potestas
568 1969 745 2029 conspicitur'in
763 1969 790 2013 eal
807 1969 836 2025 vi,

58 2054 104 2098 qua
125 2038 188 2083 valet
206 2038 264 2082 fides
285 2037 314 2081 ad
339 2038 449 2096 pietatem
470 2040 537 2083 animi
559 2040 665 2098 vitaeque
686 2039 836 2084 honestatem.

55 2109 135 2154 Sicubi
146 2108 260 2153 seiunctae
275 2112 325 2152 sunt
339 2108 487 2169 intelligentia
506 2116 527 2153 et
545 2109 616 2168 fides,
634 2109 694 2155 haec
711 2124 781 2156 caeca
797 2116 837 2165 est,

56 2179 97 2222 illa
114 2178 236 2223 imbecillis
254 2183 295 2224 est,
331 2177 416 2225 Verum
436 2178 585 2239 intelligentia
608 2180 689 2224 mentis
710 2180 837 2224 necessario

58 2246 148 2306 profert
163 2248 236 2293 fidem
255 2261 306 2292 cum
324 2245 364 2305 piel
379 2246 505 2303 honestate,
523 2255 632 2307 tanquam
647 2249 764 2308 geminum
773 2250 838 2293 unius

59 2317 164 2362 fructum.
200 2318 277 2376 Atque
296 2316 364 2361 etiam
383 2317 459 2362 eximit
476 2317 530 2362 vitia
548 2333 576 2362 ex
593 2318 733 2377 simpliciore
749 2318 797 2364 fide
815 2325 838 2364 et

59 2386 136 2430 inserit
149 2387 172 2430 in
190 2404 240 2432 eam
255 2387 354 2431 virtutes.
389 2386 434 2430 Illa
451 2388 501 2431 sola
519 2386 598 2444 docet,
615 2388 652 2432 vel
670 2387 725 2447 quid
748 2390 776 2432 sit
796 2402 838 2432 ve-

58 2470 116 2511 rum,
133 2456 171 2500 vel
187 2463 289 2503 sanctum
307 2471 357 2501 esse
373 2456 398 2500 id
417 2457 480 2515 quod
498 2472 577 2501 verum
594 2462 638 2510 est;
656 2457 732 2516 itaque
750 2473 838 2518 suppe-

58 2523 116 2568 ditat
132 2523 219 2569 homini
236 2526 353 2571 materiam
371 2527 461 2586 pietatis
479 2526 644 2581 ethonestatis.
671 2528 774 2572 Primum
791 2528 838 2588 igi-

57 2600 95 2638 tur
116 2594 196 2638 mentis
214 2596 361 2657 intelligentia
383 2597 551 2657 simplicitatem
577 2597 632 2642 fidei
656 2598 688 2642 ila
712 2596 786 2653 tollit,
812 2603 838 2642 ut

57 2663 192 2711 caecitatem
210 2665 299 2724 eximat,
316 2666 452 2712 modestiam
467 2667 587 2728 relinquat.
609 2667 668 2712 Cum
687 2667 747 2711 enim
765 2667 839 2726 aperit

58 2735 157 2779 rationes
171 2747 257 2789 eorum,
275 2750 333 2794 quae
351 2737 466 2783 credenda
480 2739 530 2796 sint,
547 2738 584 2782 vel
595 2738 662 2798 erigit
675 2737 712 2782 vel
730 2736 839 2796 deprimit

59 2797 163 2849 sensuum
183 2802 334 2848 humilitatem
350 2813 372 2850 et
388 2809 567 2854 imbecillitatem
590 2808 629 2851 sari
651 2807 788 2851 sublimitate
815 2812 839 2851 et

59 2879 178 2931 potestate.
214 2872 274 2919 Cum
286 2874 393 2920 continuo
411 2878 549 2924 metiendam
566 2877 688 2921 meditatur
703 2876 837 2921 immensam

60 2941 109 2986 finis
126 2943 238 3006 propositi
255 2944 458 3003 longinquitatem,
477 2954 540 2993 arcet
561 2962 574 2989 a
591 2953 667 2992 mente
687 2945 737 3006 ipsa
755 2961 837 2992 ranam
