1732 3169
67 155 93 186 Vl

119 263 219 312 Modum
240 276 289 308 rem
312 259 424 307 tractandi
445 275 499 307 eum
522 266 611 311 secutus
628 278 691 325 snm,
712 263 753 324 qui
774 268 853 326 posset

67 370 113 417 dici
141 373 235 414 naturae
257 366 385 427 argumenti
404 365 542 426 quaestionis
563 365 667 415 imitatio.
707 366 852 431 Explicatio-

64 488 117 518 nem
143 476 165 516 et
193 470 373 518 aestimationem
399 469 594 518 hermesianomm
622 471 760 533 plerumque
791 489 804 520 a
828 487 852 518 se

62 575 160 622 invicem
175 574 279 634 disiunxi,
295 582 365 638 atque
382 575 444 623 hanc
459 575 632 623 disiunctionem
646 575 780 639 significavi.
799 576 852 646 Ad-

62 695 137 727 versus
151 680 300 727 Hermesinm
324 682 357 726 ita
377 683 481 743 oportuit
504 681 561 742 diei,
582 687 608 727 ut
627 696 670 743 per
688 680 850 740 inductionem,

63 783 261 843 quemadmodum
275 787 412 846 loquuntur,
429 787 496 833 fieret
512 786 655 849 singulorum
672 790 851 847 praeceptorum

62 888 170 952 cognitio.
205 890 243 937 Ex
259 891 463 938 Hermesianorum
479 891 543 937 libris
559 892 662 938 consulto
680 889 738 937 nihil
751 890 851 935 afferen-

63 992 119 1040 dum
137 1010 184 1041 esse
198 996 321 1057 pntabam3
343 996 443 1057 nequid
459 995 520 1041 forte
535 995 569 1041 rei
586 996 616 1042 ab
634 1000 727 1043 auctore
750 998 784 1043 rei
806 998 850 1043 ini-

61 1104 99 1145 tae
122 1106 160 1146 aut
185 1101 340 1165 integritatem
367 1106 406 1149 aut
430 1101 617 1163 perspicuitatem
638 1100 767 1163 impediret.
812 1102 850 1149 De

62 1203 197 1267 theologici
215 1222 242 1254 ac
260 1207 374 1255 catholicin
385 1207 453 1253 huius
467 1221 549 1254 causae
561 1211 641 1254 naturai
654 1207 693 1253 alii
705 1207 849 1268 scripserunt.

64 1308 128 1355 Mihi
146 1326 199 1358 cum
216 1311 360 1374 philosopho
370 1312 491 1359 Hermesio
501 1310 618 1374 egendum
631 1311 681 1360 fuit.
716 1312 772 1359 Hoc
785 1312 849 1373 quod

63 1416 86 1461 in
103 1432 142 1462 me
159 1417 305 1478 susceperim,
322 1417 472 1463 temeritatem
486 1415 548 1462 hanc
567 1431 642 1469 meam
660 1421 685 1462 ut
702 1415 848 1462 benevolenti

62 1519 137 1565 animo
156 1521 270 1582 accipiant
286 1521 329 1567 viri
346 1521 417 1579 docti,
435 1536 464 1566 ex
476 1520 744 1582 animisententiiarogo.
779 1521 847 1567 Alio-

60 1640 111 1670 rum
128 1624 256 1671 testimonia
273 1639 302 1670 ex
316 1629 390 1670 aetate
405 1625 442 1671 vel
457 1624 584 1684 antiquiore
598 1624 636 1670 vel
657 1624 796 1683 recentiore,
820 1641 848 1671 ex

61 1729 146 1777 scholis
163 1730 201 1777 vel
213 1728 409 1792 philosophorum
425 1730 464 1776 vel
478 1728 644 1791 theologorum
661 1728 756 1789 afferre,
771 1745 846 1792 prop-

60 1840 95 1880 ter
110 1835 198 1897 peritos
215 1833 299 1880 harum
317 1848 394 1879 rerum
411 1848 458 1879 non
474 1836 625 1881 necessarium
643 1849 671 1881 ac
682 1834 732 1879 fere
742 1833 846 1895 ineptum

60 1939 125 1996 duxi3
148 1940 283 2003 praesertim
307 1953 378 1999 quum
401 1938 425 1985 in
441 1937 488 1987 hac
511 1939 604 2000 quidem
627 1939 694 1986 causi
710 1941 845 1989 facillimum

59 2045 117 2091 illud
139 2050 204 2093 esset.
242 2044 269 2091 si
290 2044 362 2090 minus
389 2049 453 2091 recte
480 2043 606 2106 disputavi,
633 2045 697 2107 qnod
718 2046 844 2095 admodum

59 2165 139 2196 vereor
156 2166 186 2197 ne
203 2150 290 2199 factum
303 2152 338 2212 sit,
355 2165 402 2196 non
418 2155 526 2212 potuerat
541 2152 642 2213 pravitas
659 2152 754 2214 peritiae
767 2168 843 2200 rerum

61 2258 208 2305 ostentatione
224 2256 292 2304 huius
313 2255 438 2303 emendari.
