<?xml version="1.0" encoding="UTF-8"?>
<!DOCTYPE html PUBLIC "-//W3C//DTD XHTML 1.0 Transitional//EN"
    "http://www.w3.org/TR/xhtml1/DTD/xhtml1-transitional.dtd">
<html xmlns="http://www.w3.org/1999/xhtml" xml:lang="en" lang="en">
 <head>
  <title>
</title>
<meta http-equiv="Content-Type" content="text/html;charset=utf-8" />
  <meta name='ocr-system' content='tesseract 3.04.00' />
  <meta name='ocr-capabilities' content='ocr_page ocr_carea ocr_par ocr_line ocrx_word'/>
</head>
<body>
  <div class='ocr_page' id='page_1' title='image "MN5160ucmf_1_0030.png"; bbox 0 0 1732 3169; ppageno 0'>
   <div class='ocr_carea' id='block_1_1' title="bbox 50 212 667 276">
    <p class='ocr_par' dir='ltr' id='par_1_1' title="bbox 50 212 667 276">
     <span class='ocr_line' id='line_1_1' title="bbox 50 212 667 276; baseline -0.023 -8"><span class='ocrx_word' id='word_1_1' title='bbox 50 225 67 272; x_wconf 84' lang='grc'><strong>6</strong></span> <span class='ocrx_word' id='word_1_2' title='bbox 215 221 324 276; x_wconf 80' lang='lat' dir='ltr'><strong>Praefatio</strong></span> <span class='ocrx_word' id='word_1_3' title='bbox 336 217 464 274; x_wconf 74' lang='lat' dir='ltr'><em>quaestionis</em></span> <span class='ocrx_word' id='word_1_4' title='bbox 475 216 592 256; x_wconf 83' lang='lat' dir='ltr'><strong>uniuersae.</strong></span> <span class='ocrx_word' id='word_1_5' title='bbox 614 212 634 269; x_wconf 55' lang='grc' dir='ltr'><strong>ᾗ.</strong></span> <span class='ocrx_word' id='word_1_6' title='bbox 645 212 667 254; x_wconf 81' lang='lat'><strong>2.</strong></span> 
     </span>
    </p>
   </div>
   <div class='ocr_carea' id='block_1_2' title="bbox 49 332 835 895">
    <p class='ocr_par' dir='ltr' id='par_1_2' title="bbox 49 332 835 895">
     <span class='ocr_line' id='line_1_2' title="bbox 52 332 834 404; baseline -0.019 -10"><span class='ocrx_word' id='word_1_7' title='bbox 52 351 105 394; x_wconf 82' lang='lat' dir='ltr'><strong>litor</strong></span> <span class='ocrx_word' id='word_1_8' title='bbox 121 348 161 392; x_wconf 87' lang='lat' dir='ltr'><strong>illa</strong></span> <span class='ocrx_word' id='word_1_9' title='bbox 178 344 224 391; x_wconf 87' lang='lat' dir='ltr'><strong>hae</strong></span> <span class='ocrx_word' id='word_1_10' title='bbox 240 339 351 404; x_wconf 69' lang='lat' dir='ltr'><strong>perfecti,</strong></span> <span class='ocrx_word' id='word_1_11' title='bbox 373 339 463 402; x_wconf 91' lang='lat' dir='ltr'><strong>penitus</strong></span> <span class='ocrx_word' id='word_1_12' title='bbox 485 335 609 399; x_wconf 74' lang='lat' dir='ltr'><strong>perspectis</strong></span> <span class='ocrx_word' id='word_1_13' title='bbox 631 332 711 397; x_wconf 73' lang='lat' dir='ltr'><strong>logical</strong></span> <span class='ocrx_word' id='word_1_14' title='bbox 734 333 834 381; x_wconf 87' lang='lat' dir='ltr'><strong>necessi-</strong></span> 
     </span>
     <span class='ocr_line' id='line_1_3' title="bbox 51 404 833 476; baseline -0.018 -13"><span class='ocrx_word' id='word_1_15' title='bbox 51 426 97 463; x_wconf 91' lang='lat' dir='ltr'><strong>tate</strong></span> <span class='ocrx_word' id='word_1_16' title='bbox 114 431 188 461; x_wconf 88' lang='lat' dir='ltr'><strong>rerum</strong></span> <span class='ocrx_word' id='word_1_17' title='bbox 206 413 383 476; x_wconf 86' lang='lat' dir='ltr'><strong>propositarum.</strong></span> <span class='ocrx_word' id='word_1_18' title='bbox 418 408 525 455; x_wconf 86' lang='lat' dir='ltr'><strong>Studium</strong></span> <span class='ocrx_word' id='word_1_19' title='bbox 547 405 641 467; x_wconf 88' lang='lat' dir='ltr'><strong>quidem</strong></span> <span class='ocrx_word' id='word_1_20' title='bbox 665 405 743 464; x_wconf 88' lang='lat' dir='ltr'><strong>aliquo</strong></span> <span class='ocrx_word' id='word_1_21' title='bbox 761 404 833 451; x_wconf 83' lang='lat' dir='ltr'><strong>modo</strong></span> 
     </span>
     <span class='ocr_line' id='line_1_4' title="bbox 51 474 834 543; baseline -0.014 -11"><span class='ocrx_word' id='word_1_22' title='bbox 51 488 111 533; x_wconf 89' lang='lat' dir='ltr'><strong>hanc</strong></span> <span class='ocrx_word' id='word_1_23' title='bbox 128 487 285 530; x_wconf 87' lang='lat' dir='ltr'><strong>necessitatem</strong></span> <span class='ocrx_word' id='word_1_24' title='bbox 303 480 448 543; x_wconf 84' lang='lat' dir='ltr'><strong>intelligendi</strong></span> <span class='ocrx_word' id='word_1_25' title='bbox 469 485 557 525; x_wconf 90' lang='lat' dir='ltr'><strong>tantum</strong></span> <span class='ocrx_word' id='word_1_26' title='bbox 581 476 645 522; x_wconf 89' lang='lat' dir='ltr'><strong>abest</strong></span> <span class='ocrx_word' id='word_1_27' title='bbox 668 481 694 520; x_wconf 92' lang='lat' dir='ltr'><strong>ut</strong></span> <span class='ocrx_word' id='word_1_28' title='bbox 715 474 834 522; x_wconf 84' lang='lat' dir='ltr'>imminuat</span> 
     </span>
     <span class='ocr_line' id='line_1_5' title="bbox 51 548 834 613; baseline -0.011 -10"><span class='ocrx_word' id='word_1_29' title='bbox 51 557 149 603; x_wconf 79' lang='lat' dir='ltr'>ethicam</span> <span class='ocrx_word' id='word_1_30' title='bbox 166 555 222 601; x_wconf 80' lang='lat' dir='ltr'><strong>fidei</strong></span> <span class='ocrx_word' id='word_1_31' title='bbox 236 556 348 602; x_wconf 87' lang='lat' dir='ltr'><strong>rationem</strong></span> <span class='ocrx_word' id='word_1_32' title='bbox 367 558 389 598; x_wconf 87' lang='lat' dir='ltr'><strong>et</strong></span> <span class='ocrx_word' id='word_1_33' title='bbox 406 555 552 613; x_wconf 83' lang='lat' dir='ltr'><strong>potestatem,</strong></span> <span class='ocrx_word' id='word_1_34' title='bbox 569 553 595 593; x_wconf 88' lang='lat' dir='ltr'><strong>ut</strong></span> <span class='ocrx_word' id='word_1_35' title='bbox 606 563 657 594; x_wconf 91' lang='lat' dir='ltr'><strong>eam</strong></span> <span class='ocrx_word' id='word_1_36' title='bbox 667 548 765 594; x_wconf 83' lang='lat' dir='ltr'><strong>maxime</strong></span> <span class='ocrx_word' id='word_1_37' title='bbox 780 564 834 595; x_wconf 90' lang='lat' dir='ltr'><strong>cor-</strong></span> 
     </span>
     <span class='ocr_line' id='line_1_6' title="bbox 49 618 835 680; baseline -0.009 -8"><span class='ocrx_word' id='word_1_38' title='bbox 49 629 149 673; x_wconf 81' lang='lat' dir='ltr'><strong>roboret.</strong></span> <span class='ocrx_word' id='word_1_39' title='bbox 190 628 286 672; x_wconf 87' lang='lat' dir='ltr'><strong>Prorsus</strong></span> <span class='ocrx_word' id='word_1_40' title='bbox 313 624 429 670; x_wconf 88' lang='lat' dir='ltr'><strong>intellecta</strong></span> <span class='ocrx_word' id='word_1_41' title='bbox 452 636 507 667; x_wconf 88' lang='lat' dir='ltr'><strong>vero</strong></span> <span class='ocrx_word' id='word_1_42' title='bbox 531 618 609 680; x_wconf 86' lang='lat' dir='ltr'><strong>logica</strong></span> <span class='ocrx_word' id='word_1_43' title='bbox 631 618 751 665; x_wconf 75' lang='lat' dir='ltr'><strong>necessitas</strong></span> <span class='ocrx_word' id='word_1_44' title='bbox 774 620 835 665; x_wconf 92' lang='lat' dir='ltr'><strong>tollit</strong></span> 
     </span>
     <span class='ocr_line' id='line_1_7' title="bbox 51 688 835 755; baseline -0.009 -12"><span class='ocrx_word' id='word_1_45' title='bbox 51 699 118 743; x_wconf 84' lang='lat' dir='ltr'><strong>etiam</strong></span> <span class='ocrx_word' id='word_1_46' title='bbox 136 698 212 743; x_wconf 87' lang='lat' dir='ltr'><strong>locum</strong></span> <span class='ocrx_word' id='word_1_47' title='bbox 230 697 293 743; x_wconf 87' lang='lat' dir='ltr'><strong>fidei.</strong></span> <span class='ocrx_word' id='word_1_48' title='bbox 328 695 360 741; x_wconf 87' lang='lat' dir='ltr'><strong>Et</strong></span> <span class='ocrx_word' id='word_1_49' title='bbox 371 708 463 755; x_wconf 86' lang='lat' dir='ltr'><strong>prorsus</strong></span> <span class='ocrx_word' id='word_1_50' title='bbox 475 691 575 754; x_wconf 75' lang='lat' dir='ltr'><strong>intelligi</strong></span> <span class='ocrx_word' id='word_1_51' title='bbox 588 696 611 735; x_wconf 93' lang='lat' dir='ltr'><strong>et</strong></span> <span class='ocrx_word' id='word_1_52' title='bbox 628 688 692 736; x_wconf 86' lang='lat' dir='ltr'><strong>credi</strong></span> <span class='ocrx_word' id='word_1_53' title='bbox 708 689 771 734; x_wconf 85' lang='lat' dir='ltr'><strong>idem</strong></span> <span class='ocrx_word' id='word_1_54' title='bbox 788 706 835 736; x_wconf 93' lang='lat' dir='ltr'><strong>non</strong></span> 
     </span>
     <span class='ocr_line' id='line_1_8' title="bbox 49 760 834 829; baseline -0.013 -16"><span class='ocrx_word' id='word_1_55' title='bbox 49 774 131 829; x_wconf 84' lang='lat' dir='ltr'><strong>potest,</strong></span> <span class='ocrx_word' id='word_1_56' title='bbox 168 768 303 813; x_wconf 81' lang='lat' dir='ltr'><strong>Existimare</strong></span> <span class='ocrx_word' id='word_1_57' title='bbox 327 767 357 812; x_wconf 86' lang='lat' dir='ltr'><strong>‹le</strong></span> <span class='ocrx_word' id='word_1_58' title='bbox 379 780 406 810; x_wconf 90' lang='lat' dir='ltr'><strong>re</strong></span> <span class='ocrx_word' id='word_1_59' title='bbox 429 762 509 810; x_wconf 80' lang='lat' dir='ltr'><strong>ethicis</strong></span> <span class='ocrx_word' id='word_1_60' title='bbox 533 777 561 808; x_wconf 80' lang='lat' dir='ltr'><strong>ex</strong></span> <span class='ocrx_word' id='word_1_61' title='bbox 581 761 660 818; x_wconf 82' lang='lat' dir='ltr'><strong>causis,</strong></span> <span class='ocrx_word' id='word_1_62' title='bbox 682 760 724 805; x_wconf 88' lang='lat' dir='ltr'><strong>nisi</strong></span> <span class='ocrx_word' id='word_1_63' title='bbox 741 760 834 821; x_wconf 81' lang='lat' dir='ltr'><strong>logicae</strong></span> 
     </span>
     <span class='ocr_line' id='line_1_9' title="bbox 51 830 833 895; baseline -0.009 -10"><span class='ocrx_word' id='word_1_64' title='bbox 51 854 132 885; x_wconf 85' lang='lat' dir='ltr'><strong>causae</strong></span> <span class='ocrx_word' id='word_1_65' title='bbox 149 837 233 885; x_wconf 88' lang='lat' dir='ltr'><strong>fuerint</strong></span> <span class='ocrx_word' id='word_1_66' title='bbox 251 838 282 884; x_wconf 88' lang='lat' dir='ltr'><strong>ad</strong></span> <span class='ocrx_word' id='word_1_67' title='bbox 299 853 350 883; x_wconf 87' lang='lat' dir='ltr'><strong>rem</strong></span> <span class='ocrx_word' id='word_1_68' title='bbox 365 851 412 882; x_wconf 89' lang='lat' dir='ltr'><strong>non</strong></span> <span class='ocrx_word' id='word_1_69' title='bbox 428 834 538 895; x_wconf 83' lang='lat' dir='ltr'><strong>idoneae,</strong></span> <span class='ocrx_word' id='word_1_70' title='bbox 555 844 603 879; x_wconf 86' lang='lat' dir='ltr'><strong>non</strong></span> <span class='ocrx_word' id='word_1_71' title='bbox 617 830 713 878; x_wconf 85' lang='lat' dir='ltr'><strong>habebit</strong></span> <span class='ocrx_word' id='word_1_72' title='bbox 733 830 833 879; x_wconf 86' lang='lat' dir='ltr'><strong>ethicam</strong></span> 
     </span>
    </p>
   </div>
   <div class='ocr_carea' id='block_1_3' title="bbox 51 909 525 1062">
    <p class='ocr_par' dir='ltr' id='par_1_3' title="bbox 51 909 525 1062">
     <span class='ocr_line' id='line_1_10' title="bbox 51 909 193 972; baseline 0.014 -18"><span class='ocrx_word' id='word_1_73' title='bbox 51 909 193 972; x_wconf 85' lang='lat' dir='ltr'><strong>dignitatem.</strong></span> 
     </span>
     <span class='ocr_line' id='line_1_11' title="bbox 410 994 525 1062; baseline -0.009 0"><span class='ocrx_word' id='word_1_74' title='bbox 410 994 434 1062; x_wconf 75' lang='lat' dir='ltr'><strong>a·</strong></span> <span class='ocrx_word' id='word_1_75' title='bbox 452 996 475 1043; x_wconf 79' lang='lat'><strong>2-</strong></span> <span class='ocrx_word' id='word_1_76' title='bbox 524 1049 525 1053; x_wconf 10' lang='lat' dir='ltr'><strong>a</strong></span> 
     </span>
    </p>
   </div>
   <div class='ocr_carea' id='block_1_4' title="bbox 98 1077 783 1280">
    <p class='ocr_par' dir='ltr' id='par_1_4' title="bbox 98 1077 783 1280">
     <span class='ocr_line' id='line_1_12' title="bbox 98 1077 783 1141; baseline -0.01 -12"><span class='ocrx_word' id='word_1_77' title='bbox 98 1083 139 1130; x_wconf 89' lang='lat' dir='ltr'><strong>De</strong></span> <span class='ocrx_word' id='word_1_78' title='bbox 165 1083 295 1137; x_wconf 86' lang='lat' dir='ltr'><strong>ratione,</strong></span> <span class='ocrx_word' id='word_1_79' title='bbox 327 1096 381 1141; x_wconf 90' lang='lat' dir='ltr'><strong>qua</strong></span> <span class='ocrx_word' id='word_1_80' title='bbox 407 1080 485 1124; x_wconf 89' lang='lat' dir='ltr'><strong>inter</strong></span> <span class='ocrx_word' id='word_1_81' title='bbox 514 1093 544 1124; x_wconf 90' lang='lat' dir='ltr'><strong>se</strong></span> <span class='ocrx_word' id='word_1_82' title='bbox 571 1077 783 1124; x_wconf 83' lang='lat' dir='ltr'><strong>contineantur</strong></span> 
     </span>
     <span class='ocr_line' id='line_1_13' title="bbox 121 1147 765 1211; baseline -0.008 -13"><span class='ocrx_word' id='word_1_83' title='bbox 121 1153 293 1200; x_wconf 90' lang='lat' dir='ltr'><strong>theoretica</strong></span> <span class='ocrx_word' id='word_1_84' title='bbox 312 1158 339 1197; x_wconf 87' lang='lat' dir='ltr'><strong>et</strong></span> <span class='ocrx_word' id='word_1_85' title='bbox 356 1150 489 1211; x_wconf 89' lang='lat' dir='ltr'><strong>practica</strong></span> <span class='ocrx_word' id='word_1_86' title='bbox 505 1148 553 1194; x_wconf 90' lang='lat' dir='ltr'><strong>vel</strong></span> <span class='ocrx_word' id='word_1_87' title='bbox 568 1147 765 1209; x_wconf 87' lang='lat' dir='ltr'><strong>philosophia</strong></span> 
     </span>
     <span class='ocr_line' id='line_1_14' title="bbox 326 1219 563 1280; baseline 0 -15"><span class='ocrx_word' id='word_1_88' title='bbox 326 1221 375 1266; x_wconf 89' lang='lat' dir='ltr'><strong>vel</strong></span> <span class='ocrx_word' id='word_1_89' title='bbox 396 1219 563 1280; x_wconf 81' lang='lat' dir='ltr'><strong>theologia.</strong></span> 
     </span>
    </p>
   </div>
   <div class='ocr_carea' id='block_1_5' title="bbox 434 1312 452 1358">
    <p class='ocr_par' dir='ltr' id='par_1_5' title="bbox 434 1312 452 1358">
     <span class='ocr_line' id='line_1_15' title="bbox 434 1312 452 1358; baseline 0.111 -2"><span class='ocrx_word' id='word_1_90' title='bbox 434 1312 452 1358; x_wconf 89' lang='lat' dir='ltr'><strong>I.</strong></span> 
     </span>
    </p>
   </div>
   <div class='ocr_carea' id='block_1_6' title="bbox 50 1391 837 3061">
    <p class='ocr_par' dir='ltr' id='par_1_6' title="bbox 50 1391 837 2360">
     <span class='ocr_line' id='line_1_16' title="bbox 109 1391 835 1440; baseline -0.003 -1"><span class='ocrx_word' id='word_1_91' title='bbox 109 1392 255 1440; x_wconf 81' lang='lat' dir='ltr'><strong>Hermcsz&#39;us</strong></span> <span class='ocrx_word' id='word_1_92' title='bbox 272 1391 399 1438; x_wconf 88' lang='lat' dir='ltr'><strong>theoretica</strong></span> <span class='ocrx_word' id='word_1_93' title='bbox 416 1391 499 1436; x_wconf 86' lang='lat' dir='ltr'><strong>habuit</strong></span> <span class='ocrx_word' id='word_1_94' title='bbox 518 1391 646 1436; x_wconf 86' lang='lat' dir='ltr'><strong>ethicorum</strong></span> <span class='ocrx_word' id='word_1_95' title='bbox 664 1391 766 1436; x_wconf 89' lang='lat' dir='ltr'><strong>omniurn</strong></span> <span class='ocrx_word' id='word_1_96' title='bbox 783 1393 835 1437; x_wconf 90' lang='lat' dir='ltr'><strong>fon-</strong></span> 
     </span>
     <span class='ocr_line' id='line_1_17' title="bbox 52 1460 836 1523; baseline 0.004 -17"><span class='ocrx_word' id='word_1_97' title='bbox 52 1467 99 1507; x_wconf 87' lang='lat' dir='ltr'><strong>tem</strong></span> <span class='ocrx_word' id='word_1_98' title='bbox 118 1479 145 1509; x_wconf 89' lang='lat' dir='ltr'><strong>ac</strong></span> <span class='ocrx_word' id='word_1_99' title='bbox 163 1466 249 1509; x_wconf 85' lang='lat' dir='ltr'><strong>sedern.</strong></span> <span class='ocrx_word' id='word_1_100' title='bbox 285 1462 322 1507; x_wconf 87' lang='lat' dir='ltr'><strong>De</strong></span> <span class='ocrx_word' id='word_1_101' title='bbox 340 1478 386 1521; x_wconf 85' lang='lat' dir='ltr'><strong>qua</strong></span> <span class='ocrx_word' id='word_1_102' title='bbox 402 1478 428 1506; x_wconf 87' lang='lat' dir='ltr'><strong>re</strong></span> <span class='ocrx_word' id='word_1_103' title='bbox 445 1461 481 1507; x_wconf 85' lang='lat' dir='ltr'><strong>his</strong></span> <span class='ocrx_word' id='word_1_104' title='bbox 499 1462 548 1507; x_wconf 86' lang='lat' dir='ltr'><strong>fere</strong></span> <span class='ocrx_word' id='word_1_105' title='bbox 566 1460 677 1520; x_wconf 85' lang='lat' dir='ltr'><strong>exposuit.</strong></span> <span class='ocrx_word' id='word_1_106' title='bbox 705 1462 732 1506; x_wconf 91' lang='lat' dir='ltr'><strong>ln</strong></span> <span class='ocrx_word' id='word_1_107' title='bbox 750 1478 836 1523; x_wconf 88' lang='lat' dir='ltr'><strong>genere</strong></span> 
     </span>
     <span class='ocr_line' id='line_1_18' title="bbox 52 1531 835 1592; baseline 0.003 -17"><span class='ocrx_word' id='word_1_108' title='bbox 52 1533 212 1592; x_wconf 82' lang='lat' dir='ltr'><strong>praecipiendi</strong></span> <span class='ocrx_word' id='word_1_109' title='bbox 235 1531 273 1575; x_wconf 83' lang='lat' dir='ltr'><strong>vel</strong></span> <span class='ocrx_word' id='word_1_110' title='bbox 296 1531 463 1591; x_wconf 89' lang='lat' dir='ltr'><strong>philosophico</strong></span> <span class='ocrx_word' id='word_1_111' title='bbox 485 1532 523 1575; x_wconf 86' lang='lat' dir='ltr'><strong>vel</strong></span> <span class='ocrx_word' id='word_1_112' title='bbox 541 1531 676 1590; x_wconf 87' lang='lat' dir='ltr'><strong>theologico</strong></span> <span class='ocrx_word' id='word_1_113' title='bbox 693 1539 727 1576; x_wconf 91' lang='lat' dir='ltr'><strong>est</strong></span> <span class='ocrx_word' id='word_1_114' title='bbox 745 1533 835 1577; x_wconf 88' lang='lat' dir='ltr'><strong>theo-</strong></span> 
     </span>
     <span class='ocr_line' id='line_1_19' title="bbox 52 1600 835 1662; baseline 0.001 -16"><span class='ocrx_word' id='word_1_115' title='bbox 52 1602 165 1648; x_wconf 88' lang='lat' dir='ltr'><strong>reticae</strong></span> <span class='ocrx_word' id='word_1_116' title='bbox 183 1600 379 1660; x_wconf 79' lang='lat' dir='ltr'><strong>disciplinae,</strong></span> <span class='ocrx_word' id='word_1_117' title='bbox 401 1601 513 1662; x_wconf 85' lang='lat' dir='ltr'><strong>indagare</strong></span> <span class='ocrx_word' id='word_1_118' title='bbox 534 1615 597 1656; x_wconf 79' lang='lat' dir='ltr'><strong>eam,</strong></span> <span class='ocrx_word' id='word_1_119' title='bbox 616 1602 731 1659; x_wconf 82' lang='lat' dir='ltr'><strong>quaesit,</strong></span> <span class='ocrx_word' id='word_1_120' title='bbox 758 1617 835 1647; x_wconf 89' lang='lat' dir='ltr'><strong>rerum</strong></span> 
     </span>
     <span class='ocr_line' id='line_1_20' title="bbox 51 1670 836 1727; baseline 0.004 -12"><span class='ocrx_word' id='word_1_121' title='bbox 51 1672 177 1716; x_wconf 88' lang='lat' dir='ltr'><strong>divinarum</strong></span> <span class='ocrx_word' id='word_1_122' title='bbox 209 1680 232 1718; x_wconf 91' lang='lat' dir='ltr'><strong>et</strong></span> <span class='ocrx_word' id='word_1_123' title='bbox 257 1670 410 1716; x_wconf 86' lang='lat' dir='ltr'><strong>humanarum</strong></span> <span class='ocrx_word' id='word_1_124' title='bbox 444 1678 547 1715; x_wconf 89' lang='lat' dir='ltr'><strong>naturam</strong></span> <span class='ocrx_word' id='word_1_125' title='bbox 581 1676 604 1714; x_wconf 88' lang='lat' dir='ltr'><strong>et</strong></span> <span class='ocrx_word' id='word_1_126' title='bbox 636 1671 836 1727; x_wconf 67' lang='lat' dir='ltr'><strong>necessitudinem</strong></span> 
     </span>
     <span class='ocr_line' id='line_1_21' title="bbox 50 1739 835 1801; baseline 0.001 -15"><span class='ocrx_word' id='word_1_127' title='bbox 50 1742 222 1801; x_wconf 87' lang='lat' dir='ltr'><strong>practicae,</strong></span> <span class='ocrx_word' id='word_1_128' title='bbox 247 1741 351 1785; x_wconf 87' lang='lat' dir='ltr'><strong>derivare</strong></span> <span class='ocrx_word' id='word_1_129' title='bbox 370 1756 398 1785; x_wconf 82' lang='lat' dir='ltr'><strong>ex</strong></span> <span class='ocrx_word' id='word_1_130' title='bbox 414 1740 461 1786; x_wconf 90' lang='lat' dir='ltr'><strong>hac</strong></span> <span class='ocrx_word' id='word_1_131' title='bbox 480 1757 543 1796; x_wconf 86' lang='lat' dir='ltr'><strong>eam,</strong></span> <span class='ocrx_word' id='word_1_132' title='bbox 567 1755 627 1799; x_wconf 89' lang='lat' dir='ltr'><strong>quae</strong></span> <span class='ocrx_word' id='word_1_133' title='bbox 645 1739 729 1785; x_wconf 83' lang='lat' dir='ltr'><strong>debeat</strong></span> <span class='ocrx_word' id='word_1_134' title='bbox 743 1743 767 1786; x_wconf 89' lang='lat' dir='ltr'><strong>in</strong></span> <span class='ocrx_word' id='word_1_135' title='bbox 789 1742 835 1787; x_wconf 87' lang='lat' dir='ltr'><strong>ho-</strong></span> 
     </span>
     <span class='ocr_line' id='line_1_22' title="bbox 51 1810 835 1869; baseline 0.004 -15"><span class='ocrx_word' id='word_1_136' title='bbox 51 1811 113 1855; x_wconf 89' lang='lat' dir='ltr'><strong>mine</strong></span> <span class='ocrx_word' id='word_1_137' title='bbox 129 1826 189 1865; x_wconf 86' lang='lat' dir='ltr'><strong>esse,</strong></span> <span class='ocrx_word' id='word_1_138' title='bbox 214 1810 282 1854; x_wconf 86' lang='lat' dir='ltr'><strong>animi</strong></span> <span class='ocrx_word' id='word_1_139' title='bbox 300 1811 446 1856; x_wconf 83' lang='lat' dir='ltr'><strong>affectionem</strong></span> <span class='ocrx_word' id='word_1_140' title='bbox 464 1811 570 1869; x_wconf 89' lang='lat' dir='ltr'><strong>vitaeque</strong></span> <span class='ocrx_word' id='word_1_141' title='bbox 590 1810 710 1855; x_wconf 84' lang='lat' dir='ltr'><strong>actionem.</strong></span> <span class='ocrx_word' id='word_1_142' title='bbox 751 1811 835 1857; x_wconf 86' lang='lat' dir='ltr'><strong>Theo-</strong></span> 
     </span>
     <span class='ocr_line' id='line_1_23' title="bbox 52 1879 835 1942; baseline 0.004 -19"><span class='ocrx_word' id='word_1_143' title='bbox 52 1880 124 1926; x_wconf 87' lang='lat' dir='ltr'><strong>retica</strong></span> <span class='ocrx_word' id='word_1_144' title='bbox 142 1879 262 1940; x_wconf 83' lang='lat' dir='ltr'><strong>disciplina</strong></span> <span class='ocrx_word' id='word_1_145' title='bbox 280 1879 330 1939; x_wconf 89' lang='lat' dir='ltr'><strong>ipsa</strong></span> <span class='ocrx_word' id='word_1_146' title='bbox 347 1880 492 1939; x_wconf 89' lang='lat' dir='ltr'><strong>semetipsam</strong></span> <span class='ocrx_word' id='word_1_147' title='bbox 512 1895 540 1924; x_wconf 81' lang='lat' dir='ltr'><strong>ex</strong></span> <span class='ocrx_word' id='word_1_148' title='bbox 562 1880 606 1923; x_wconf 89' lang='lat' dir='ltr'><strong>suis</strong></span> <span class='ocrx_word' id='word_1_149' title='bbox 620 1880 756 1939; x_wconf 84' lang='lat' dir='ltr'><strong>quibusdam</strong></span> <span class='ocrx_word' id='word_1_150' title='bbox 771 1883 835 1942; x_wconf 89' lang='lat' dir='ltr'><strong>prin-</strong></span> 
     </span>
     <span class='ocr_line' id='line_1_24' title="bbox 53 1948 837 2013; baseline 0.003 -18"><span class='ocrx_word' id='word_1_151' title='bbox 53 1950 117 2010; x_wconf 85' lang='lat' dir='ltr'><strong>cipiis</strong></span> <span class='ocrx_word' id='word_1_152' title='bbox 134 1957 242 2009; x_wconf 83' lang='lat' dir='ltr'><strong>procreat</strong></span> <span class='ocrx_word' id='word_1_153' title='bbox 258 1954 281 1993; x_wconf 90' lang='lat' dir='ltr'><strong>et</strong></span> <span class='ocrx_word' id='word_1_154' title='bbox 297 1950 370 2010; x_wconf 88' lang='lat' dir='ltr'><strong>fingit.</strong></span> <span class='ocrx_word' id='word_1_155' title='bbox 395 1948 526 1994; x_wconf 84' lang='lat' dir='ltr'><strong>Praeticam</strong></span> <span class='ocrx_word' id='word_1_156' title='bbox 543 1955 615 1994; x_wconf 87' lang='lat' dir='ltr'><strong>totam</strong></span> <span class='ocrx_word' id='word_1_157' title='bbox 632 1964 661 1994; x_wconf 79' lang='lat' dir='ltr'><strong>ex</strong></span> <span class='ocrx_word' id='word_1_158' title='bbox 674 1965 699 1993; x_wconf 87' lang='lat' dir='ltr'><strong>se</strong></span> <span class='ocrx_word' id='word_1_159' title='bbox 716 1953 837 2013; x_wconf 82' lang='lat' dir='ltr'><strong>progignit</strong></span> 
     </span>
     <span class='ocr_line' id='line_1_25' title="bbox 51 2018 835 2078; baseline 0.005 -14"><span class='ocrx_word' id='word_1_160' title='bbox 51 2025 75 2064; x_wconf 88' lang='lat' dir='ltr'><strong>et</strong></span> <span class='ocrx_word' id='word_1_161' title='bbox 92 2019 229 2065; x_wconf 87' lang='lat' dir='ltr'><strong>conformat.</strong></span> <span class='ocrx_word' id='word_1_162' title='bbox 264 2019 357 2077; x_wconf 83' lang='lat' dir='ltr'><strong>Efficit,</strong></span> <span class='ocrx_word' id='word_1_163' title='bbox 377 2024 402 2064; x_wconf 92' lang='lat' dir='ltr'><strong>ut</strong></span> <span class='ocrx_word' id='word_1_164' title='bbox 424 2018 484 2065; x_wconf 88' lang='lat' dir='ltr'><strong>haec</strong></span> <span class='ocrx_word' id='word_1_165' title='bbox 503 2024 525 2063; x_wconf 89' lang='lat' dir='ltr'><strong>et</strong></span> <span class='ocrx_word' id='word_1_166' title='bbox 544 2020 572 2064; x_wconf 88' lang='lat' dir='ltr'><strong>sit</strong></span> <span class='ocrx_word' id='word_1_167' title='bbox 590 2024 612 2063; x_wconf 91' lang='lat' dir='ltr'><strong>et</strong></span> <span class='ocrx_word' id='word_1_168' title='bbox 630 2035 658 2064; x_wconf 88' lang='lat' dir='ltr'><strong>ea</strong></span> <span class='ocrx_word' id='word_1_169' title='bbox 675 2019 703 2063; x_wconf 89' lang='lat' dir='ltr'><strong>sit</strong></span> <span class='ocrx_word' id='word_1_170' title='bbox 718 2035 778 2078; x_wconf 89' lang='lat' dir='ltr'><strong>quae</strong></span> <span class='ocrx_word' id='word_1_171' title='bbox 796 2029 835 2070; x_wconf 88' lang='lat' dir='ltr'><strong>est.</strong></span> 
     </span>
     <span class='ocr_line' id='line_1_26' title="bbox 52 2088 837 2137; baseline 0.006 -5"><span class='ocrx_word' id='word_1_172' title='bbox 52 2088 131 2134; x_wconf 87' lang='lat' dir='ltr'><strong>Fontis</strong></span> <span class='ocrx_word' id='word_1_173' title='bbox 151 2096 173 2134; x_wconf 88' lang='lat' dir='ltr'><strong>et</strong></span> <span class='ocrx_word' id='word_1_174' title='bbox 191 2088 352 2134; x_wconf 89' lang='lat' dir='ltr'><strong>moderaminis</strong></span> <span class='ocrx_word' id='word_1_175' title='bbox 369 2089 456 2134; x_wconf 86' lang='lat' dir='ltr'><strong>ratione</strong></span> <span class='ocrx_word' id='word_1_176' title='bbox 477 2088 539 2133; x_wconf 89' lang='lat' dir='ltr'><strong>hanc</strong></span> <span class='ocrx_word' id='word_1_177' title='bbox 556 2103 634 2134; x_wconf 88' lang='lat' dir='ltr'><strong>secum</strong></span> <span class='ocrx_word' id='word_1_178' title='bbox 652 2088 757 2136; x_wconf 88' lang='lat' dir='ltr'><strong>continet.</strong></span> <span class='ocrx_word' id='word_1_179' title='bbox 793 2092 837 2137; x_wconf 85' lang='lat' dir='ltr'><strong>vi-</strong></span> 
     </span>
     <span class='ocr_line' id='line_1_27' title="bbox 52 2158 837 2218; baseline 0.003 -14"><span class='ocrx_word' id='word_1_180' title='bbox 52 2158 125 2204; x_wconf 85' lang='lat' dir='ltr'><strong>cissim</strong></span> <span class='ocrx_word' id='word_1_181' title='bbox 141 2161 244 2218; x_wconf 85' lang='lat' dir='ltr'><strong>practica</strong></span> <span class='ocrx_word' id='word_1_182' title='bbox 257 2159 379 2217; x_wconf 79' lang='lat' dir='ltr'><strong>disciplina</strong></span> <span class='ocrx_word' id='word_1_183' title='bbox 395 2160 419 2203; x_wconf 93' lang='lat' dir='ltr'><strong>in</strong></span> <span class='ocrx_word' id='word_1_184' title='bbox 436 2158 565 2204; x_wconf 68' lang='lat' dir='ltr'><strong>theoreticis</strong></span> <span class='ocrx_word' id='word_1_185' title='bbox 579 2158 698 2218; x_wconf 67' lang='lat' dir='ltr'><strong>disciplinis</strong></span> <span class='ocrx_word' id='word_1_186' title='bbox 712 2175 759 2204; x_wconf 93' lang='lat' dir='ltr'><strong>non</strong></span> <span class='ocrx_word' id='word_1_187' title='bbox 776 2162 837 2207; x_wconf 88' lang='lat' dir='ltr'><strong>valet</strong></span> 
     </span>
     <span class='ocr_line' id='line_1_28' title="bbox 51 2226 836 2292; baseline 0.008 -22"><span class='ocrx_word' id='word_1_188' title='bbox 51 2229 191 2274; x_wconf 85' lang='lat' dir='ltr'><strong>auctoritate.</strong></span> <span class='ocrx_word' id='word_1_189' title='bbox 236 2229 348 2289; x_wconf 87' lang='lat' dir='ltr'><strong>Adaugct</strong></span> <span class='ocrx_word' id='word_1_190' title='bbox 377 2229 534 2286; x_wconf 89' lang='lat' dir='ltr'><strong>quaestionum</strong></span> <span class='ocrx_word' id='word_1_191' title='bbox 565 2226 744 2274; x_wconf 85' lang='lat' dir='ltr'><strong>theoreticarurn</strong></span> <span class='ocrx_word' id='word_1_192' title='bbox 774 2244 836 2292; x_wconf 92' lang='lat' dir='ltr'><strong>pon-</strong></span> 
     </span>
     <span class='ocr_line' id='line_1_29' title="bbox 53 2296 748 2360; baseline 0.007 -19"><span class='ocrx_word' id='word_1_193' title='bbox 53 2296 103 2354; x_wconf 85' lang='lat' dir='ltr'><strong>dus,</strong></span> <span class='ocrx_word' id='word_1_194' title='bbox 118 2314 163 2343; x_wconf 91' lang='lat' dir='ltr'><strong>non</strong></span> <span class='ocrx_word' id='word_1_195' title='bbox 180 2299 352 2360; x_wconf 85' lang='lat' dir='ltr'><strong>praeceptionis</strong></span> <span class='ocrx_word' id='word_1_196' title='bbox 369 2297 511 2344; x_wconf 81' lang='lat' dir='ltr'><strong>theoreticae</strong></span> <span class='ocrx_word' id='word_1_197' title='bbox 530 2297 601 2343; x_wconf 88' lang='lat' dir='ltr'><strong>robur</strong></span> <span class='ocrx_word' id='word_1_198' title='bbox 620 2304 642 2343; x_wconf 89' lang='lat' dir='ltr'><strong>et</strong></span> <span class='ocrx_word' id='word_1_199' title='bbox 659 2314 748 2347; x_wconf 80' lang='lat' dir='ltr'><strong>nervos,</strong></span> 
     </span>
    </p>

    <p class='ocr_par' dir='ltr' id='par_1_7' title="bbox 53 2368 837 3061">
     <span class='ocr_line' id='line_1_30' title="bbox 106 2368 837 2432; baseline 0.004 -19"><span class='ocrx_word' id='word_1_200' title='bbox 106 2368 276 2428; x_wconf 76' lang='lat' dir='ltr'><strong>Explodenrlae</strong></span> <span class='ocrx_word' id='word_1_201' title='bbox 286 2370 356 2432; x_wconf 88' lang='lat' dir='ltr'><strong>igitur</strong></span> <span class='ocrx_word' id='word_1_202' title='bbox 366 2376 416 2414; x_wconf 90' lang='lat' dir='ltr'><strong>sunt</strong></span> <span class='ocrx_word' id='word_1_203' title='bbox 435 2369 471 2414; x_wconf 87' lang='lat' dir='ltr'><strong>du</strong></span> <span class='ocrx_word' id='word_1_204' title='bbox 480 2385 513 2414; x_wconf 87' lang='lat' dir='ltr'><strong>ae</strong></span> <span class='ocrx_word' id='word_1_205' title='bbox 527 2368 723 2430; x_wconf 88' lang='lat' dir='ltr'><strong>philosophorum</strong></span> <span class='ocrx_word' id='word_1_206' title='bbox 735 2376 757 2416; x_wconf 90' lang='lat' dir='ltr'><strong>et</strong></span> <span class='ocrx_word' id='word_1_207' title='bbox 766 2370 837 2418; x_wconf 90' lang='lat' dir='ltr'><strong>theo-</strong></span> 
     </span>
     <span class='ocr_line' id='line_1_31' title="bbox 54 2436 837 2500; baseline 0.008 -20"><span class='ocrx_word' id='word_1_208' title='bbox 54 2436 162 2497; x_wconf 86' lang='lat' dir='ltr'><strong>logorum</strong></span> <span class='ocrx_word' id='word_1_209' title='bbox 181 2441 346 2500; x_wconf 86' lang='lat' dir='ltr'><strong>opiniones.</strong></span> <span class='ocrx_word' id='word_1_210' title='bbox 383 2440 488 2485; x_wconf 86' lang='lat' dir='ltr'><strong>Altera</strong></span> <span class='ocrx_word' id='word_1_211' title='bbox 506 2455 600 2497; x_wconf 84' lang='lat' dir='ltr'><strong>eorum,</strong></span> <span class='ocrx_word' id='word_1_212' title='bbox 620 2441 661 2500; x_wconf 90' lang='lat' dir='ltr'><strong>qui</strong></span> <span class='ocrx_word' id='word_1_213' title='bbox 681 2441 724 2486; x_wconf 90' lang='lat' dir='ltr'><strong>sibi</strong></span> <span class='ocrx_word' id='word_1_214' title='bbox 746 2447 768 2486; x_wconf 88' lang='lat' dir='ltr'><strong>et</strong></span> <span class='ocrx_word' id='word_1_215' title='bbox 789 2443 837 2487; x_wconf 87' lang='lat' dir='ltr'><strong>aliis</strong></span> 
     </span>
     <span class='ocr_line' id='line_1_32' title="bbox 53 2510 837 2572; baseline 0.009 -23"><span class='ocrx_word' id='word_1_216' title='bbox 53 2516 226 2566; x_wconf 82' lang='lat' dir='ltr'><strong>persuaserunt,</strong></span> <span class='ocrx_word' id='word_1_217' title='bbox 249 2510 280 2554; x_wconf 84' lang='lat' dir='ltr'><strong>ad</strong></span> <span class='ocrx_word' id='word_1_218' title='bbox 297 2511 368 2555; x_wconf 80' lang='lat' dir='ltr'><strong>uitam</strong></span> <span class='ocrx_word' id='word_1_219' title='bbox 385 2516 448 2556; x_wconf 87' lang='lat' dir='ltr'><strong>recte</strong></span> <span class='ocrx_word' id='word_1_220' title='bbox 471 2510 641 2572; x_wconf 87' lang='lat' dir='ltr'><strong>transigendam</strong></span> <span class='ocrx_word' id='word_1_221' title='bbox 658 2510 768 2555; x_wconf 85' lang='lat' dir='ltr'><strong>idoneum</strong></span> <span class='ocrx_word' id='word_1_222' title='bbox 788 2528 837 2557; x_wconf 87' lang='lat' dir='ltr'><strong>esse</strong></span> 
     </span>
     <span class='ocr_line' id='line_1_33' title="bbox 55 2576 837 2638; baseline 0.008 -18"><span class='ocrx_word' id='word_1_223' title='bbox 55 2576 168 2633; x_wconf 77' lang='lat' dir='ltr'><strong>animum,</strong></span> <span class='ocrx_word' id='word_1_224' title='bbox 190 2580 229 2638; x_wconf 89' lang='lat' dir='ltr'><strong>qui</strong></span> <span class='ocrx_word' id='word_1_225' title='bbox 247 2580 296 2624; x_wconf 94' lang='lat' dir='ltr'><strong>solo</strong></span> <span class='ocrx_word' id='word_1_226' title='bbox 316 2581 376 2626; x_wconf 86' lang='lat' dir='ltr'><strong>vitae</strong></span> <span class='ocrx_word' id='word_1_227' title='bbox 398 2595 465 2626; x_wconf 89' lang='lat' dir='ltr'><strong>cursu</strong></span> <span class='ocrx_word' id='word_1_228' title='bbox 482 2580 508 2626; x_wconf 91' lang='lat' dir='ltr'><strong>sit</strong></span> <span class='ocrx_word' id='word_1_229' title='bbox 531 2580 643 2638; x_wconf 81' lang='lat' dir='ltr'><strong>eruditus,</strong></span> <span class='ocrx_word' id='word_1_230' title='bbox 666 2596 713 2626; x_wconf 92' lang='lat' dir='ltr'><strong>non</strong></span> <span class='ocrx_word' id='word_1_231' title='bbox 733 2582 837 2628; x_wconf 87' lang='lat' dir='ltr'><strong>subactus</strong></span> 
     </span>
     <span class='ocr_line' id='line_1_34' title="bbox 54 2647 837 2713; baseline 0.006 -21"><span class='ocrx_word' id='word_1_232' title='bbox 54 2647 124 2692; x_wconf 86' lang='lat' dir='ltr'><strong>etiarn</strong></span> <span class='ocrx_word' id='word_1_233' title='bbox 143 2648 205 2692; x_wconf 88' lang='lat' dir='ltr'><strong>cultu</strong></span> <span class='ocrx_word' id='word_1_234' title='bbox 223 2651 314 2703; x_wconf 82' lang='lat' dir='ltr'><strong>mentis3</strong></span> <span class='ocrx_word' id='word_1_235' title='bbox 342 2658 411 2710; x_wconf 89' lang='lat' dir='ltr'><strong>atque</strong></span> <span class='ocrx_word' id='word_1_236' title='bbox 429 2651 489 2696; x_wconf 86' lang='lat' dir='ltr'><strong>adeo</strong></span> <span class='ocrx_word' id='word_1_237' title='bbox 506 2667 575 2713; x_wconf 91' lang='lat' dir='ltr'><strong>posse</strong></span> <span class='ocrx_word' id='word_1_238' title='bbox 592 2652 654 2708; x_wconf 88' lang='lat' dir='ltr'><strong>fieri,</strong></span> <span class='ocrx_word' id='word_1_239' title='bbox 678 2657 703 2695; x_wconf 88' lang='lat' dir='ltr'><strong>ut</strong></span> <span class='ocrx_word' id='word_1_240' title='bbox 718 2654 837 2697; x_wconf 90' lang='lat' dir='ltr'><strong>consensio</strong></span> 
     </span>
     <span class='ocr_line' id='line_1_35' title="bbox 55 2717 837 2784; baseline 0.005 -21"><span class='ocrx_word' id='word_1_241' title='bbox 55 2717 176 2764; x_wconf 87' lang='lat' dir='ltr'><strong>hominurn</strong></span> <span class='ocrx_word' id='word_1_242' title='bbox 194 2718 261 2762; x_wconf 87' lang='lat' dir='ltr'><strong>latius</strong></span> <span class='ocrx_word' id='word_1_243' title='bbox 279 2726 356 2779; x_wconf 89' lang='lat' dir='ltr'><strong>pateat</strong></span> <span class='ocrx_word' id='word_1_244' title='bbox 371 2722 394 2766; x_wconf 91' lang='lat' dir='ltr'><strong>in</strong></span> <span class='ocrx_word' id='word_1_245' title='bbox 414 2723 533 2784; x_wconf 84' lang='lat' dir='ltr'><strong>practicis,</strong></span> <span class='ocrx_word' id='word_1_246' title='bbox 553 2737 622 2781; x_wconf 86' lang='lat' dir='ltr'><strong>quarn</strong></span> <span class='ocrx_word' id='word_1_247' title='bbox 639 2726 703 2782; x_wconf 87' lang='lat' dir='ltr'><strong>patet</strong></span> <span class='ocrx_word' id='word_1_248' title='bbox 719 2723 743 2766; x_wconf 91' lang='lat' dir='ltr'><strong>in</strong></span> <span class='ocrx_word' id='word_1_249' title='bbox 767 2721 837 2767; x_wconf 89' lang='lat' dir='ltr'><strong>theo-</strong></span> 
     </span>
     <span class='ocr_line' id='line_1_36' title="bbox 56 2789 837 2855; baseline 0.009 -24"><span class='ocrx_word' id='word_1_250' title='bbox 56 2790 136 2835; x_wconf 85' lang='lat' dir='ltr'><strong>reticis.</strong></span> <span class='ocrx_word' id='word_1_251' title='bbox 155 2815 192 2822; x_wconf 90' lang='lat'>—</span> <span class='ocrx_word' id='word_1_252' title='bbox 207 2789 312 2834; x_wconf 86' lang='lat' dir='ltr'><strong>Altera</strong></span> <span class='ocrx_word' id='word_1_253' title='bbox 330 2807 408 2837; x_wconf 90' lang='lat' dir='ltr'><strong>eorum</strong></span> <span class='ocrx_word' id='word_1_254' title='bbox 427 2800 460 2838; x_wconf 89' lang='lat' dir='ltr'><strong>est</strong></span> <span class='ocrx_word' id='word_1_255' title='bbox 476 2795 563 2855; x_wconf 81' lang='lat' dir='ltr'><strong>opinio,</strong></span> <span class='ocrx_word' id='word_1_256' title='bbox 581 2793 664 2851; x_wconf 87' lang='lat' dir='ltr'><strong>quihus</strong></span> <span class='ocrx_word' id='word_1_257' title='bbox 680 2791 745 2838; x_wconf 91' lang='lat' dir='ltr'><strong>velut</strong></span> <span class='ocrx_word' id='word_1_258' title='bbox 759 2792 837 2838; x_wconf 87' lang='lat' dir='ltr'><strong>Kanto</strong></span> 
     </span>
     <span class='ocr_line' id='line_1_37' title="bbox 58 2857 837 2925; baseline 0.01 -25"><span class='ocrx_word' id='word_1_259' title='bbox 58 2857 132 2904; x_wconf 80' lang='lat' dir='ltr'><strong>ethica</strong></span> <span class='ocrx_word' id='word_1_260' title='bbox 149 2861 187 2906; x_wconf 82' lang='lat' dir='ltr'><strong>lex</strong></span> <span class='ocrx_word' id='word_1_261' title='bbox 202 2860 249 2904; x_wconf 86' lang='lat' dir='ltr'><strong>visa</strong></span> <span class='ocrx_word' id='word_1_262' title='bbox 263 2858 308 2903; x_wconf 83' lang='lat' dir='ltr'><strong>tuit</strong></span> <span class='ocrx_word' id='word_1_263' title='bbox 324 2862 451 2907; x_wconf 86' lang='lat' dir='ltr'><strong>universam</strong></span> <span class='ocrx_word' id='word_1_264' title='bbox 467 2864 497 2909; x_wconf 89' lang='lat' dir='ltr'><strong>de</strong></span> <span class='ocrx_word' id='word_1_265' title='bbox 515 2863 607 2925; x_wconf 81' lang='lat' dir='ltr'><strong>agendo</strong></span> <span class='ocrx_word' id='word_1_266' title='bbox 623 2862 781 2923; x_wconf 88' lang='lat' dir='ltr'><strong>praecipiendi</strong></span> <span class='ocrx_word' id='word_1_267' title='bbox 798 2879 837 2908; x_wconf 87' lang='lat' dir='ltr'><strong>ra-</strong></span> 
     </span>
     <span class='ocr_line' id='line_1_38' title="bbox 57 2926 836 2992; baseline 0.014 -24"><span class='ocrx_word' id='word_1_268' title='bbox 57 2926 141 2972; x_wconf 89' lang='lat' dir='ltr'><strong>tionem</strong></span> <span class='ocrx_word' id='word_1_269' title='bbox 158 2929 290 2992; x_wconf 84' lang='lat' dir='ltr'><strong>complecti.</strong></span> <span class='ocrx_word' id='word_1_270' title='bbox 326 2928 368 2973; x_wconf 90' lang='lat' dir='ltr'><strong>Est</strong></span> <span class='ocrx_word' id='word_1_271' title='bbox 384 2946 439 2976; x_wconf 87' lang='lat' dir='ltr'><strong>vero</strong></span> <span class='ocrx_word' id='word_1_272' title='bbox 456 2933 497 2978; x_wconf 90' lang='lat' dir='ltr'><strong>ista</strong></span> <span class='ocrx_word' id='word_1_273' title='bbox 515 2935 564 2990; x_wconf 86' lang='lat' dir='ltr'><strong>lex,</strong></span> <span class='ocrx_word' id='word_1_274' title='bbox 586 2932 633 2978; x_wconf 86' lang='lat' dir='ltr'><strong>sive</strong></span> <span class='ocrx_word' id='word_1_275' title='bbox 655 2937 743 2992; x_wconf 85' lang='lat' dir='ltr'><strong>spectas</strong></span> <span class='ocrx_word' id='word_1_276' title='bbox 766 2934 836 2979; x_wconf 87' lang='lat' dir='ltr'><strong>ratio-</strong></span> 
     </span>
     <span class='ocr_line' id='line_1_39' title="bbox 56 2999 836 3061; baseline 0.014 -22"><span class='ocrx_word' id='word_1_277' title='bbox 56 3009 96 3040; x_wconf 90' lang='lat' dir='ltr'><strong>nes</strong></span> <span class='ocrx_word' id='word_1_278' title='bbox 110 3001 193 3059; x_wconf 83' lang='lat' dir='ltr'><strong>agendi</strong></span> <span class='ocrx_word' id='word_1_279' title='bbox 211 3002 258 3048; x_wconf 85' lang='lat' dir='ltr'><strong>sive</strong></span> <span class='ocrx_word' id='word_1_280' title='bbox 283 2999 340 3046; x_wconf 88' lang='lat' dir='ltr'><strong>fines</strong></span> <span class='ocrx_word' id='word_1_281' title='bbox 361 2999 486 3060; x_wconf 81' lang='lat' dir='ltr'><strong>bonorum,</strong></span> <span class='ocrx_word' id='word_1_282' title='bbox 514 3009 563 3048; x_wconf 88' lang='lat' dir='ltr'><strong>tum</strong></span> <span class='ocrx_word' id='word_1_283' title='bbox 585 3002 673 3059; x_wconf 84' lang='lat' dir='ltr'><strong>exilior,</strong></span> <span class='ocrx_word' id='word_1_284' title='bbox 700 3016 770 3061; x_wconf 92' lang='lat' dir='ltr'><strong>quam</strong></span> <span class='ocrx_word' id='word_1_285' title='bbox 791 3004 836 3050; x_wconf 89' lang='lat' dir='ltr'><strong>fert</strong></span> 
     </span>
    </p>
   </div>
   <div class='ocr_carea' id='block_1_7' title="bbox 0 0 877 3169">
    <p class='ocr_par' dir='ltr' id='par_1_8' title="bbox 0 0 877 3169">
     <span class='ocr_line' id='line_1_40' title="bbox 0 0 877 3169; baseline 0 0"><span class='ocrx_word' id='word_1_286' title='bbox 0 0 877 3169; x_wconf 95' lang='lat' dir='ltr'><strong> </strong></span> 
     </span>
    </p>
   </div>
  </div>
 </body>
</html>
