1732 3169
216 415 396 463 PRAEFATIO
414 411 623 472 QUAES'PIONIS

406 514 433 537 ΒΨ

98 574 257 621 UNIVERsAu
271 574 320 615 REI
334 571 538 615 HERMESIANAE
553 571 745 627 contrtux101).

358 681 495 689 ————-—-

389 742 414 809 a
433 747 457 793 1.

67 842 108 888 De
125 841 256 896 ratione,
280 855 335 900 qua
353 839 512 902 theologia
530 844 558 885 et
575 839 775 902 philosophia

240 910 319 956 inter
337 927 366 956 sc
385 911 601 958 contineantur.

411 1027 431 1073 Ι.

30 1089 195 1165 Hermastus
211 1120 372 1181 cognationem
387 1116 604 1180 philosophicorum
623 1123 646 1161 et
662 1117 813 1180 theologico-

30 1203 81 1232 rum
100 1189 161 1233 cemi
177 1188 288 1234 iudicavit
301 1190 324 1234 in
340 1190 478 1251 cognatione
499 1183 590 1245 lidei2)
611 1193 634 1230 et
650 1187 814 1249 intelligentiae

30 1258 116 1304 mentis.
140 1259 178 1302 ln
200 1258 350 1319 intelligentiai
368 1260 426 1304 enim
446 1260 545 1319 positam
562 1256 618 1299 dixit
634 1256 690 1300 fidei
706 1265 755 1301 tum
773 1275 815 1302 na-

28 1333 103 1371 turam
119 1333 167 1373 tum
186 1329 344 1375 auctoritatem
359 1335 382 1374 et
399 1331 542 1389 potestatem·
578 1325 631 1372 Hac
649 1326 748 1386 duplicis
765 1328 815 1373 fun-

29 1397 141 1455 damenti,
165 1398 229 1458 quod
252 1400 344 1444 tandem
366 1415 436 1444 unum
460 1399 499 1455 sit,
523 1396 684 1442 communione
706 1403 814 1458 tanquam

27 1467 119 1514 vinculo
137 1467 280 1529 theologiam
295 1485 348 1516 cum
363 1468 516 1529 philosophia
533 1467 653 1513 coniunxit.

82 1538 192 1583 Natura
207 1538 292 1594 fidei,
306 1539 384 1599 inquit,
404 1539 501 1585 cernitur
512 1539 535 1582 in
550 1536 638 1581 ratione
651 1535 684 1593 ei,
694 1550 739 1593 qua
754 1536 817 1586 fides,

28 1605 85 1651 inest
101 1607 124 1650 in
141 1606 248 1660 homine;
265 1608 289 1652 in
306 1608 352 1654 hac
369 1609 439 1670 igitur
451 1607 532 1653 mentis
544 1606 659 1664 animique
674 1605 814 1664 conditione,

28 1681 54 1720 ut
71 1681 157 1721 certum
176 1676 204 1720 sit
220 1675 320 1732 homini,
341 1693 387 1723 esse
408 1678 445 1733 id,
465 1676 529 1736 quotl
553 1690 600 1720 esse
621 1675 671 1735 ipse
696 1675 813 1735 cogitarit.

28 1745 65 1790 Ac
82 1746 174 1790 modis
197 1745 289 1804 quidem
312 1747 422 1793 (luobus
445 1746 505 1792 haec
523 1745 592 1789 animi
610 1744 713 1790 conditio
730 1746 753 1789 in
768 1746 815 1791 ho-

28 1813 89 1858 mine
99 1830 147 1860 esse
155 1820 238 1875 potest.
256 1816 417 1876 Appellaveris
430 1832 469 1862 eoa
481 1816 577 1861 vocibus
587 1815 782 1876 suffragandi
792 1823 815 1862 et

29 1884 196 1930 arbitrandi
207 1884 408 1947 [Fiirwalnhalten
419 1888 466 1933 uno
478 1884 739 1947 Fiirwahrannehmen].
762 1887 816 1932 Suf-

28 1952 116 2014 fragari
133 1961 166 2000 est
189 1955 247 2011 eiua,
269 1957 309 2015 qui
327 1964 485 2003 commovetur
503 1956 532 2001 aa
551 1955 693 2002 credendum
709 1971 752 2015 per
768 1958 815 2002 vim

29 2024 142 2068 eiusmodi
166 2039 294 2083 causarum,
313 2043 373 2086 quae
394 2028 417 2073 in
434 2027 502 2072 rebus
516 2026 575 2072 'sitae
592 2041 620 2070 ex
634 2025 716 2069 harum
734 2026 814 2070 naturai

28 2093 98 2138 menti
120 2093 219 2139 afferunt
245 2096 355 2142 credendi
382 2098 544 2143 necessitatem.
585 2094 729 2156 Suffragatur
753 2097 813 2142 enim

28 2178 92 2208 mens
109 2179 163 2209 suae
181 2166 333 2213 conscientiae
351 2168 392 2226 sui,
412 2167 504 2229 quando
518 2165 549 2211 ad
565 2165 627 2210 hanc
639 2164 812 2212 examinandam

73 2319 96 2371 1)
108 2322 229 2363 Hermesiur
241 2324 267 2364 (le
278 2326 375 2367 universi
389 2341 412 2365 re
430 2325 474 2377 suti,
489 2328 582 2365 intres
601 2325 677 2363 locos
696 2322 812 2378 distributa,

29 2378 143 2427 generatim
150 2383 254 2433 exposuit:
269 2383 345 2437 philos.
354 2385 480 2438 Einleitung‚
489 2384 578 2438 praefat.
590 2389 651 2436 atque
661 2394 709 2436 pag.
721 2384 766 2424 1-
776 2385 811 2426 91.

29 2439 50 2471 et
59 2433 189 2478 257-266.

73 2491 97 2543 2)
115 2492 180 2531 Periti
194 2496 274 2546 generis
290 2496 372 2537 dicendi
387 2499 518 2553 antiquorum
526 2498 667 2536 Romanorum
682 2497 778 2551 plurimis
789 2499 812 2538 in

28 2547 79 2586 Iocis
92 2561 152 2600 aegre
165 2551 232 2590 ferent
245 2567 315 2593 meam
325 2557 428 2596 scribendi
436 2556 567 2609 imperitiam.
591 2557 615 2592 In
627 2555 753 2609 quibusdam
762 2571 810 2596 vero

30 2603 56 2643 ad
67 2602 120 2644 hanc
131 2610 239 2648 accessisse
250 2611 371 2652 iudicabunt
379 2616 414 2653 vel
428 2628 497 2654 rerum
509 2611 643 2652 dicendarum
653 2615 767 2654 novitatem
776 2615 810 2653 vel

27 2663 164 2703 formularum
184 2665 266 2706 dicendi
281 2669 410 2710 brevitatem.
448 2670 510 2725 Aputl
524 2671 620 2724 antiquos
638 2673 687 2713 illos
708 2671 807 2719 homines,

29 2733 116 2773 quarum
129 2737 198 2762 rerum
219 2732 262 2764 erat
275 2727 387 2778 ignoratio,
401 2742 471 2767 earum
486 2742 528 2767 non
542 2732 611 2781 potuit
625 2745 669 2769 esse
692 2730 807 2781 appellatio.

27 2778 141 2820 Nonnullos
151 2780 233 2820 dicendi
242 2783 314 2823 modos
326 2786 405 2824 ferebat
412 2787 496 2839 linguae
505 2788 620 2838 ingenium,
634 2801 682 2828 usus
691 2799 733 2825 non
745 2785 806 2835 tulit3

29 2836 85 2888 quod
97 2845 128 2877 est
141 2837 203 2879 huius
217 2841 330 2883 arbitrium.
359 2844 411 2882 Late
428 2852 498 2884 autem
516 2857 540 2882 ac
555 2848 637 2899 copiose
653 2845 724 2891 dicere,
737 2848 807 2881 orato-

28 2906 75 2932 rum
88 2902 125 2938 est.
135 2920 165 2927 -
174 2899 211 2938 His
224 2899 267 2939 fere
277 2909 320 2941 non
328 2902 427 2954 neglectis
438 2911 522 2943 cautum
533 2904 607 2955 fuerit,
622 2917 649 2941 ne
659 2900 807 2951 superstitionis

29 2953 172 3005 suspicionem
182 2958 271 2999 incurrat
283 2960 327 3014 illa,
342 2973 395 3015 quae
406 2962 461 3016 apud
471 2968 551 3004 nostros
561 2969 598 3013 est,
609 2967 699 3000 veterum
710 2956 807 3000 imitatio.
