1797 3152
52 151 86 197 68
209 155 354 210 Philosophiae
363 154 471 196 Hermesta*
480 154 535 196 Pars
546 156 590 198 ΙΙΙ.
609 156 628 212 §.
644 156 679 200 15,

51 278 116 324 istam
132 280 145 323 a
162 277 241 323 naturai
256 276 333 322 datam
350 277 437 339 legem,
456 275 505 324 hoc
521 277 594 339 possit
615 278 709 340 prodita
726 277 839 328 humana-

50 364 101 393 rum
118 363 192 393 rerum
210 347 321 392 memoria
337 349 490 409 comprobare
507 347 588 394 videri.

100 417 135 479 Ita
157 422 233 462 autem
255 416 303 464 hoc
322 417 410 465 dictum
432 419 553 464 existimari
575 418 655 477 velim,
677 424 703 464 ut
720 429 840 481 appareat,

49 486 141 532 minime
163 488 265 533 omnium
290 489 319 533 ab
344 505 386 550 eo,
417 490 457 550 qui
479 489 523 535 illis
547 490 638 535 duobus
662 489 738 535 modis
765 492 840 552 ipsam

48 556 203 616 quaestionem
236 560 396 619 pervertisset,
429 560 531 622 potuisse
561 560 694 622 priorem
719 568 840 622 ‘partem

49 627 115 673 huius
134 636 198 676 recte
215 631 318 687 tractari,
347 632 410 679 effici
433 631 558 679 ethicam
575 630 771 678 revelationis
793 648 840 679 ne-

50 699 228 746 cessitatem.
284 702 350 750 Haec
369 704 440 763 enim,
463 718 523 764 quae
540 719 569 749 ue
583 703 607 748 in
625 702 727 748 maximis
745 704 840 763 quidem

50 775 73 815 et
93 770 200 817 universis
218 773 376 820 universorum
393 774 515 820 hominum
530 775 599 821 rebus
616 773 738 819 monstrari
755 780 840 835 potest,

50 841 79 885 ab
98 840 139 886 illo
161 842 192 887 ad
215 843 314 889 minores
337 852 360 890 et
374 846 475 907 singulas
486 861 521 891 res
533 845 624 891 detorta
634 845 685 890 fuit.
720 845 776 904 Nos,
793 861 840 891 non

50 910 122 971 hanc,
150 913 191 959 sed
208 915 311 974 priorem
328 914 392 961 illam
409 915 525 961 humanae
543 916 577 960 rei
598 915 786 961 existimationem
804 932 841 962 se-

52 982 109 1039 cuti,
127 985 362 1045 complectimur
378 987 445 1032 istam
464 986 621 1045 quaestionem
640 986 781 1032 cumillis
798 987 841 1031 lo-

53 1053 107 1109 cis,
131 1054 154 1098 in
180 1055 273 1114 quibus,
304 1071 364 1114 quae
383 1056 411 1101 sit
432 1056 470 1101 vel
490 1056 541 1100 finis
561 1056 700 1102 universitati
720 1056 841 1102 hominum

51 1124 164 1185 propositi
180 1126 219 1170 vel
236 1125 396 1187 providentiae
414 1125 505 1172 divinae
519 1127 590 1183 ratio,
613 1126 767 1187 cognoscitur.
802 1127 842 1173 Sic

51 1194 122 1253 possis
143 1194 241 1242 fortasse
262 1196 439 1254 revelationem,
461 1202 486 1243 ut
507 1212 553 1242 non
572 1197 642 1242 fuerit
659 1197 779 1242 manifesto
799 1213 842 1242 ne-

53 1265 162 1325 cessaria,
190 1267 398 1314 convenientiorem
420 1274 497 1312 tamen
520 1267 553 1325 ei,
574 1282 634 1326 quae
649 1272 702 1327 post
718 1266 840 1314 hominum

53 1335 189 1380 memoriam
208 1337 262 1394 fuit,
288 1342 382 1383 naturae
403 1337 519 1383 humanae
539 1337 677 1393 existimare,
700 1353 769 1397 quam
788 1338 840 1385 col-

53 1404 172 1450 laudatam
198 1407 263 1452 illam
286 1406 352 1453 huius
375 1403 419 1471 τὴν
442 1402 593 1466 αὐτονομίαν.
636 1407 741 1468 Inprimis
765 1408 783 1452 si
805 1408 842 1455 cui

54 1473 101 1519 visa
128 1481 162 1520 est
184 1483 278 1522 naturae
305 1492 382 1522 rerum
405 1478 443 1524 vel
465 1477 566 1523 humana
587 1477 648 1523 haec
668 1477 783 1538 particula
804 1479 842 1523 vel

53 1544 183 1590 universitas
207 1547 258 1608 ipsa
284 1562 312 1593 ac
336 1549 386 1593 sola
407 1563 471 1593 suam
496 1562 546 1593 rem
567 1562 650 1609 gerere
669 1553 692 1592 et
710 1547 740 1592 ad
756 1548 842 1593 exitum

53 1614 193 1677 perducere,
231 1618 250 1662 is
280 1618 449 1678 providentiam
477 1617 516 1662 dci
542 1618 622 1677 itaque
649 1616 720 1663 deum
747 1618 842 1663 sustulit.

53 1684 101 1729 Nisi
123 1686 183 1731 forte
206 1688 229 1733 in
252 1686 300 1734 hoc
318 1689 380 1734 cerni
398 1689 460 1734 dicat
478 1688 661 1748 providentiam,
687 1693 713 1735 ut
729 1688 843 1749 inspectet

55 1753 111 1799 deus
128 1756 208 1801 muudi
230 1760 398 1819 spectaculum;
423 1760 447 1804 in
464 1757 513 1804 hoc
530 1759 636 1817 Numen,
660 1762 686 1803 ut
704 1764 787 1803 annuat
804 1763 843 1803 aut

54 1839 101 1868 non
119 1832 202 1871 annuat
218 1828 257 1887 iis,
274 1844 335 1887 quae
351 1829 518 1890 inspectaverit.
555 1830 601 1888 At,
619 1828 712 1885 dixerit,
729 1834 786 1874 nutu
804 1828 843 1874 dei

53 1892 102 1939 hoc
118 1895 158 1953 fit,
183 1902 209 1941 ut
232 1912 261 1942 ex
282 1900 387 1959 singulis,
410 1915 470 1959 quae
485 1905 597 1962 geruntur
617 1915 631 1943 a
649 1898 743 1960 singulis
759 1905 783 1943 et
799 1913 842 1959 per

54 1964 157 2026 singula,
182 1967 282 2027 prodeat
305 1969 419 2027 quaedam
446 1983 524 2015 secum
548 1969 671 2015 consistens
699 1969 842 2030 singulorum

55 2035 194 2095 complexio.
241 2037 289 2082 Sed
311 2038 470 2084 incredibilem
494 2040 560 2085 istam
587 2039 777 2098 omnipotentiam
800 2038 843 2082 ad-

53 2104 131 2163 miror,
146 2122 214 2165 quae,
233 2107 262 2152 ab
279 2108 391 2169 fingendo
409 2108 499 2169 singula
518 2123 610 2168 prorsus
628 2109 713 2167 aliena,
729 2107 787 2152 illud
805 2123 843 2175 so-

54 2174 103 2220 lum
120 2176 239 2235 quondam
259 2177 364 2223 effecerit
384 2183 410 2223 ut
427 2183 519 2239 possent
535 2177 596 2224 haec
613 2178 665 2238 ipsa
682 2192 731 2225 sese
746 2177 842 2238 fingere,

55 2259 84 2291 ac
105 2247 177 2306 possit
198 2255 276 2293 tamen
294 2247 376 2293 iisdem
399 2248 422 2291 iu
443 2247 492 2294 hoc
513 2247 545 2291 ita
569 2248 660 2304 adesse,
681 2251 707 2291 ut
724 2247 755 2291 ad
772 2263 843 2293 unum

55 2313 170 2373 quendam
190 2318 260 2363 finem
283 2317 424 2365 contendant
446 2332 474 2363 ac
493 2316 592 2376 denique
615 2317 754 2378 perveniant.
788 2319 843 2363 Ari-

55 2387 157 2433 stotelico
178 2387 220 2433 illo
243 2390 277 2451 τῷ
299 2383 385 2452 πρώτῳ
408 2389 516 2435 κινοῦντι
539 2402 607 2433 cansa
629 2402 736 2449 suprema
757 2387 842 2447 aliqua,

56 2467 103 2497 non
116 2456 206 2502 Numen
220 2458 398 2519 significabatur.
433 2458 460 2503 ln
473 2457 575 2503 Numinis
592 2458 684 2503 notione
701 2457 844 2517 perficienda

57 2524 142 2568 creatio
158 2532 180 2571 et
196 2529 341 2588 providentia
354 2527 545 2591 complectendae
562 2534 628 2584 sunt;
649 2534 675 2573 ut
690 2544 719 2573 ne
731 2529 844 2573 mundum

56 2592 147 2638 finxisse
168 2595 264 2644 videaris
292 2599 455 2657 semi-deum,
484 2599 681 2658 quemadmodum
701 2598 798 2645 vicissim
820 2599 845 2644 in

56 2661 203 2723 pantheismo
222 2667 275 2713 deus
292 2670 398 2732 fingitur,
421 2669 440 2714 si
456 2668 505 2715 hoc
522 2669 602 2715 liceret
620 2668 679 2724 dici,
701 2668 845 2715 semi-mun·

56 2734 106 2779 dus.
141 2736 191 2780 Ant
211 2736 274 2780 nulla
296 2746 328 2784 est
352 2740 509 2801 providentia,
538 2739 617 2799 itaque
634 2738 690 2783 deus
711 2752 739 2782 ex
756 2737 844 2783 mundo

57 2810 109 2849 ante
131 2805 194 2850 fores
218 2804 286 2849 huius
303 2807 402 2855 habetur
417 2809 513 2863 eiectus3
537 2815 576 2855 aut
591 2807 649 2853 nihil
668 2808 695 2852 fit
709 2822 753 2867 per
770 2807 845 2852 solam

58 2874 153 2920 cuiusvis
175 2873 209 2920 rei
231 2880 337 2923 naturam
357 2895 384 2925 ae
407 2880 454 2924 sine
480 2878 534 2928 deo.
583 2878 649 2923 Male
672 2878 745 2938 vulgo
769 2874 844 2920 omni-

58 2944 210 3003 praesentiam
230 2945 269 2991 dei
287 2944 318 2990 ad
336 2959 372 2989 res
388 2949 546 2995 minutissimas
564 2949 680 3010 pertinere
694 2944 840 3008 praecipiunt
