<?xml version="1.0" encoding="UTF-8"?>
<!DOCTYPE html PUBLIC "-//W3C//DTD XHTML 1.0 Transitional//EN"
    "http://www.w3.org/TR/xhtml1/DTD/xhtml1-transitional.dtd">
<html xmlns="http://www.w3.org/1999/xhtml" xml:lang="en" lang="en">
 <head>
  <title>
</title>
<meta http-equiv="Content-Type" content="text/html;charset=utf-8" />
  <meta name='ocr-system' content='tesseract 3.04.00' />
  <meta name='ocr-capabilities' content='ocr_page ocr_carea ocr_par ocr_line ocrx_word'/>
</head>
<body>
  <div class='ocr_page' id='page_1' title='image "MN5160ucmf_1_0087.png"; bbox 0 0 1732 3169; ppageno 0'>
   <div class='ocr_carea' id='block_1_1' title="bbox 152 166 831 228">
    <p class='ocr_par' dir='ltr' id='par_1_1' title="bbox 152 166 831 228">
     <span class='ocr_line' id='line_1_1' title="bbox 152 166 831 228; baseline -0.003 -13"><span class='ocrx_word' id='word_1_1' title='bbox 152 174 186 215; x_wconf 88' lang='lat' dir='ltr'>De</span> <span class='ocrx_word' id='word_1_2' title='bbox 205 174 303 217; x_wconf 81' lang='lat' dir='ltr'>etlricd</span> <span class='ocrx_word' id='word_1_3' title='bbox 319 177 446 219; x_wconf 67' lang='lat' dir='ltr'><em>necessitate</em></span> <span class='ocrx_word' id='word_1_4' title='bbox 464 175 574 228; x_wconf 79' lang='lat' dir='ltr'>credendi,</span> <span class='ocrx_word' id='word_1_5' title='bbox 592 189 639 218; x_wconf 83' lang='lat' dir='ltr'>esse</span> <span class='ocrx_word' id='word_1_6' title='bbox 655 175 724 218; x_wconf 83' lang='lat' dir='ltr'>derrru.</span> <span class='ocrx_word' id='word_1_7' title='bbox 796 166 831 214; x_wconf 78' lang='grc'>63</span> 
     </span>
    </p>
   </div>
   <div class='ocr_carea' id='block_1_2' title="bbox 29 296 850 3022">
    <p class='ocr_par' dir='ltr' id='par_1_2' title="bbox 43 296 831 501">
     <span class='ocr_line' id='line_1_2' title="bbox 44 296 831 361; baseline -0.003 -18"><span class='ocrx_word' id='word_1_8' title='bbox 44 311 99 343; x_wconf 85' lang='lat' dir='ltr'>vero</span> <span class='ocrx_word' id='word_1_9' title='bbox 110 296 140 342; x_wconf 85' lang='lat' dir='ltr'>ab</span> <span class='ocrx_word' id='word_1_10' title='bbox 158 298 208 343; x_wconf 90' lang='lat' dir='ltr'>solo</span> <span class='ocrx_word' id='word_1_11' title='bbox 224 297 320 359; x_wconf 90' lang='lat' dir='ltr'>homine</span> <span class='ocrx_word' id='word_1_12' title='bbox 336 316 383 346; x_wconf 90' lang='lat' dir='ltr'>uon</span> <span class='ocrx_word' id='word_1_13' title='bbox 396 315 471 361; x_wconf 85' lang='lat' dir='ltr'>posse,</span> <span class='ocrx_word' id='word_1_14' title='bbox 487 317 503 345; x_wconf 87' lang='lat' dir='ltr'>a</span> <span class='ocrx_word' id='word_1_15' title='bbox 521 315 630 360; x_wconf 89' lang='lat' dir='ltr'>supremo</span> <span class='ocrx_word' id='word_1_16' title='bbox 639 299 747 356; x_wconf 88' lang='lat' dir='ltr'>Numine,</span> <span class='ocrx_word' id='word_1_17' title='bbox 765 296 831 356; x_wconf 87' lang='lat' dir='ltr'>quod</span> 
     </span>
     <span class='ocr_line' id='line_1_3' title="bbox 44 368 830 431; baseline -0.001 -18"><span class='ocrx_word' id='word_1_18' title='bbox 44 368 213 414; x_wconf 80' lang='lat' dir='ltr'>universitatem</span> <span class='ocrx_word' id='word_1_19' title='bbox 237 386 314 415; x_wconf 86' lang='lat' dir='ltr'>rerum</span> <span class='ocrx_word' id='word_1_20' title='bbox 335 371 503 429; x_wconf 81' lang='lat' dir='ltr'>hominumque</span> <span class='ocrx_word' id='word_1_21' title='bbox 526 370 566 415; x_wconf 70' lang='lat' dir='ltr'>sual</span> <span class='ocrx_word' id='word_1_22' title='bbox 588 376 611 416; x_wconf 86' lang='lat' dir='ltr'>et</span> <span class='ocrx_word' id='word_1_23' title='bbox 632 369 783 431; x_wconf 70' lang='lat' dir='ltr'>intelligentiis</span> <span class='ocrx_word' id='word_1_24' title='bbox 805 373 830 413; x_wconf 90' lang='lat' dir='ltr'>et</span> 
     </span>
     <span class='ocr_line' id='line_1_4' title="bbox 43 438 828 501; baseline 0.003 -20"><span class='ocrx_word' id='word_1_25' title='bbox 43 438 146 498; x_wconf 72' lang='lat' dir='ltr'>potentiis</span> <span class='ocrx_word' id='word_1_26' title='bbox 156 440 329 500; x_wconf 82' lang='lat' dir='ltr'>complectatur,</span> <span class='ocrx_word' id='word_1_27' title='bbox 339 455 407 501; x_wconf 87' lang='lat' dir='ltr'>pcsse</span> <span class='ocrx_word' id='word_1_28' title='bbox 416 441 540 501; x_wconf 83' lang='lat' dir='ltr'>proticisci,</span> <span class='ocrx_word' id='word_1_29' title='bbox 549 440 574 484; x_wconf 91' lang='lat' dir='ltr'>id</span> <span class='ocrx_word' id='word_1_30' title='bbox 582 439 828 500; x_wconf 82' lang='lat' dir='ltr'>quidemintelligitur.</span> 
     </span>
    </p>

    <p class='ocr_par' dir='ltr' id='par_1_3' title="bbox 29 508 850 3022">
     <span class='ocr_line' id='line_1_5' title="bbox 95 508 828 570; baseline 0.001 -17"><span class='ocrx_word' id='word_1_31' title='bbox 95 508 122 570; x_wconf 89' lang='lat' dir='ltr'>Iu</span> <span class='ocrx_word' id='word_1_32' title='bbox 142 510 242 557; x_wconf 72' lang='lat' dir='ltr'>alterii</span> <span class='ocrx_word' id='word_1_33' title='bbox 261 517 328 570; x_wconf 88' lang='lat' dir='ltr'>parte</span> <span class='ocrx_word' id='word_1_34' title='bbox 341 511 475 556; x_wconf 87' lang='lat' dir='ltr'>Hermesius</span> <span class='ocrx_word' id='word_1_35' title='bbox 497 510 529 555; x_wconf 88' lang='lat' dir='ltr'>de</span> <span class='ocrx_word' id='word_1_36' title='bbox 547 510 575 554; x_wconf 74' lang='lat' dir='ltr'>ea</span> <span class='ocrx_word' id='word_1_37' title='bbox 591 510 614 556; x_wconf 81' lang='lat' dir='ltr'>vi</span> <span class='ocrx_word' id='word_1_38' title='bbox 630 510 761 557; x_wconf 73' lang='lat' dir='ltr'>ethicorum</span> <span class='ocrx_word' id='word_1_39' title='bbox 779 508 828 554; x_wconf 86' lang='lat' dir='ltr'>dis·</span> 
     </span>
     <span class='ocr_line' id='line_1_6' title="bbox 42 578 827 640; baseline 0 -18"><span class='ocrx_word' id='word_1_40' title='bbox 42 578 138 638; x_wconf 89' lang='lat' dir='ltr'>putavit,</span> <span class='ocrx_word' id='word_1_41' title='bbox 154 595 202 639; x_wconf 87' lang='lat' dir='ltr'>qua</span> <span class='ocrx_word' id='word_1_42' title='bbox 215 595 286 637; x_wconf 84' lang='lat' dir='ltr'>mem,</span> <span class='ocrx_word' id='word_1_43' title='bbox 299 595 355 626; x_wconf 89' lang='lat' dir='ltr'>curn</span> <span class='ocrx_word' id='word_1_44' title='bbox 366 580 483 639; x_wconf 86' lang='lat' dir='ltr'>quendam</span> <span class='ocrx_word' id='word_1_45' title='bbox 494 580 580 640; x_wconf 82' lang='lat' dir='ltr'>agendi</span> <span class='ocrx_word' id='word_1_46' title='bbox 589 580 684 626; x_wconf 91' lang='lat' dir='ltr'>modum</span> <span class='ocrx_word' id='word_1_47' title='bbox 693 581 827 639; x_wconf 87' lang='lat' dir='ltr'>imperaret,</span> 
     </span>
     <span class='ocr_line' id='line_1_7' title="bbox 43 648 827 708; baseline 0 -16"><span class='ocrx_word' id='word_1_48' title='bbox 43 648 114 692; x_wconf 87' lang='lat' dir='ltr'>deum</span> <span class='ocrx_word' id='word_1_49' title='bbox 126 656 343 708; x_wconf 83' lang='lat' dir='ltr'>assequeretur.</span> <span class='ocrx_word' id='word_1_50' title='bbox 378 649 473 694; x_wconf 88' lang='lat' dir='ltr'>Nullam</span> <span class='ocrx_word' id='word_1_51' title='bbox 491 657 566 697; x_wconf 91' lang='lat' dir='ltr'>autern</span> <span class='ocrx_word' id='word_1_52' title='bbox 585 665 633 695; x_wconf 89' lang='lat' dir='ltr'>esse</span> <span class='ocrx_word' id='word_1_53' title='bbox 651 667 709 706; x_wconf 88' lang='lat' dir='ltr'>eam,</span> <span class='ocrx_word' id='word_1_54' title='bbox 727 650 774 695; x_wconf 92' lang='lat' dir='ltr'>hoc</span> <span class='ocrx_word' id='word_1_55' title='bbox 791 648 827 692; x_wconf 92' lang='lat' dir='ltr'>illi</span> 
     </span>
     <span class='ocr_line' id='line_1_8' title="bbox 42 717 825 771; baseline 0.001 -11"><span class='ocrx_word' id='word_1_56' title='bbox 42 717 115 762; x_wconf 84' lang='lat' dir='ltr'>visum</span> <span class='ocrx_word' id='word_1_57' title='bbox 138 718 182 764; x_wconf 88' lang='lat' dir='ltr'>fuit</span> <span class='ocrx_word' id='word_1_58' title='bbox 205 718 295 765; x_wconf 79' lang='lat' dir='ltr'>ethicae</span> <span class='ocrx_word' id='word_1_59' title='bbox 316 718 494 766; x_wconf 79' lang='lat' dir='ltr'>ratiocinationis</span> <span class='ocrx_word' id='word_1_60' title='bbox 517 734 531 762; x_wconf 91' lang='lat' dir='ltr'>a</span> <span class='ocrx_word' id='word_1_61' title='bbox 547 718 625 764; x_wconf 87' lang='lat' dir='ltr'>Kauto</span> <span class='ocrx_word' id='word_1_62' title='bbox 641 726 667 765; x_wconf 91' lang='lat' dir='ltr'>et</span> <span class='ocrx_word' id='word_1_63' title='bbox 684 720 713 764; x_wconf 92' lang='lat' dir='ltr'>ab</span> <span class='ocrx_word' id='word_1_64' title='bbox 731 717 825 771; x_wconf 87' lang='lat' dir='ltr'>Fichtio</span> 
     </span>
     <span class='ocr_line' id='line_1_9' title="bbox 41 788 826 849; baseline 0.004 -19"><span class='ocrx_word' id='word_1_65' title='bbox 41 789 175 847; x_wconf 83' lang='lat' dir='ltr'>propositae</span> <span class='ocrx_word' id='word_1_66' title='bbox 197 789 297 832; x_wconf 90' lang='lat' dir='ltr'>vanitate</span> <span class='ocrx_word' id='word_1_67' title='bbox 321 788 373 833; x_wconf 88' lang='lat' dir='ltr'>satis</span> <span class='ocrx_word' id='word_1_68' title='bbox 395 804 443 834; x_wconf 86' lang='lat' dir='ltr'>esse</span> <span class='ocrx_word' id='word_1_69' title='bbox 464 790 649 849; x_wconf 83' lang='lat' dir='ltr'>comprobatum.</span> <span class='ocrx_word' id='word_1_70' title='bbox 685 789 733 835; x_wconf 85' lang='lat' dir='ltr'>Sed</span> <span class='ocrx_word' id='word_1_71' title='bbox 748 789 826 833; x_wconf 87' lang='lat' dir='ltr'>forma</span> 
     </span>
     <span class='ocr_line' id='line_1_10' title="bbox 42 856 825 920; baseline 0.001 -19"><span class='ocrx_word' id='word_1_72' title='bbox 42 872 82 914; x_wconf 84' lang='lat' dir='ltr'>ea,</span> <span class='ocrx_word' id='word_1_73' title='bbox 105 858 216 919; x_wconf 82' lang='lat' dir='ltr'>inquam</span> <span class='ocrx_word' id='word_1_74' title='bbox 234 857 263 902; x_wconf 90' lang='lat' dir='ltr'>ab</span> <span class='ocrx_word' id='word_1_75' title='bbox 288 856 324 903; x_wconf 90' lang='lat' dir='ltr'>his</span> <span class='ocrx_word' id='word_1_76' title='bbox 351 864 511 920; x_wconf 82' lang='lat' dir='ltr'>argumentum</span> <span class='ocrx_word' id='word_1_77' title='bbox 528 858 629 904; x_wconf 89' lang='lat' dir='ltr'>ethicum</span> <span class='ocrx_word' id='word_1_78' title='bbox 652 859 772 905; x_wconf 88' lang='lat' dir='ltr'>redactum</span> <span class='ocrx_word' id='word_1_79' title='bbox 789 859 825 903; x_wconf 90' lang='lat' dir='ltr'>vi-</span> 
     </span>
     <span class='ocr_line' id='line_1_11' title="bbox 41 927 825 990; baseline 0.001 -19"><span class='ocrx_word' id='word_1_80' title='bbox 41 927 136 984; x_wconf 89' lang='lat' dir='ltr'>demus,</span> <span class='ocrx_word' id='word_1_81' title='bbox 154 927 248 972; x_wconf 89' lang='lat' dir='ltr'>minime</span> <span class='ocrx_word' id='word_1_82' title='bbox 264 928 298 974; x_wconf 86' lang='lat' dir='ltr'>sic</span> <span class='ocrx_word' id='word_1_83' title='bbox 318 943 373 974; x_wconf 88' lang='lat' dir='ltr'>cum</span> <span class='ocrx_word' id='word_1_84' title='bbox 388 928 438 990; x_wconf 71' lang='lat' dir='ltr'>ipsi</span> <span class='ocrx_word' id='word_1_85' title='bbox 456 928 523 974; x_wconf 86' lang='lat' dir='ltr'>huius</span> <span class='ocrx_word' id='word_1_86' title='bbox 540 929 620 975; x_wconf 79' lang='lat' dir='ltr'>natura</span> <span class='ocrx_word' id='word_1_87' title='bbox 636 930 777 984; x_wconf 84' lang='lat' dir='ltr'>continetur,</span> <span class='ocrx_word' id='word_1_88' title='bbox 799 933 825 972; x_wconf 89' lang='lat' dir='ltr'>ut</span> 
     </span>
     <span class='ocr_line' id='line_1_12' title="bbox 40 990 825 1061; baseline 0.001 -19"><span class='ocrx_word' id='word_1_89' title='bbox 40 990 165 1058; x_wconf 81' lang='lat' dir='ltr'>appareat,</span> <span class='ocrx_word' id='word_1_90' title='bbox 190 997 238 1043; x_wconf 91' lang='lat' dir='ltr'>hoc</span> <span class='ocrx_word' id='word_1_91' title='bbox 256 999 363 1057; x_wconf 85' lang='lat' dir='ltr'>quoniam</span> <span class='ocrx_word' id='word_1_92' title='bbox 379 999 497 1061; x_wconf 91' lang='lat' dir='ltr'>corrumpi</span> <span class='ocrx_word' id='word_1_93' title='bbox 514 1000 544 1044; x_wconf 92' lang='lat' dir='ltr'>ab</span> <span class='ocrx_word' id='word_1_94' title='bbox 561 998 607 1044; x_wconf 87' lang='lat' dir='ltr'>istis</span> <span class='ocrx_word' id='word_1_95' title='bbox 629 1000 741 1060; x_wconf 90' lang='lat' dir='ltr'>potuerit,</span> <span class='ocrx_word' id='word_1_96' title='bbox 761 998 825 1043; x_wconf 89' lang='lat' dir='ltr'>idem</span> 
     </span>
     <span class='ocr_line' id='line_1_13' title="bbox 40 1067 825 1128; baseline 0 -16"><span class='ocrx_word' id='word_1_97' title='bbox 40 1068 125 1113; x_wconf 81' lang='lat' dir='ltr'>elevari</span> <span class='ocrx_word' id='word_1_98' title='bbox 142 1068 242 1128; x_wconf 90' lang='lat' dir='ltr'>potuisse</span> <span class='ocrx_word' id='word_1_99' title='bbox 258 1069 289 1114; x_wconf 90' lang='lat' dir='ltr'>ab</span> <span class='ocrx_word' id='word_1_100' title='bbox 304 1069 433 1115; x_wconf 86' lang='lat' dir='ltr'>Hermesio.</span> <span class='ocrx_word' id='word_1_101' title='bbox 470 1070 559 1114; x_wconf 86' lang='lat' dir='ltr'>Kautus</span> <span class='ocrx_word' id='word_1_102' title='bbox 577 1085 697 1127; x_wconf 88' lang='lat' dir='ltr'>sensuum,</span> <span class='ocrx_word' id='word_1_103' title='bbox 720 1067 825 1114; x_wconf 90' lang='lat' dir='ltr'>Fichtius</span> 
     </span>
     <span class='ocr_line' id='line_1_14' title="bbox 39 1139 825 1201; baseline -0.001 -17"><span class='ocrx_word' id='word_1_104' title='bbox 39 1141 128 1195; x_wconf 90' lang='lat' dir='ltr'>mentis,</span> <span class='ocrx_word' id='word_1_105' title='bbox 146 1145 241 1199; x_wconf 89' lang='lat' dir='ltr'>uterque</span> <span class='ocrx_word' id='word_1_106' title='bbox 256 1154 302 1184; x_wconf 90' lang='lat' dir='ltr'>non</span> <span class='ocrx_word' id='word_1_107' title='bbox 320 1139 419 1185; x_wconf 91' lang='lat' dir='ltr'>hominis</span> <span class='ocrx_word' id='word_1_108' title='bbox 437 1140 581 1200; x_wconf 90' lang='lat' dir='ltr'>potissimum</span> <span class='ocrx_word' id='word_1_109' title='bbox 599 1141 699 1201; x_wconf 81' lang='lat' dir='ltr'>liguram</span> <span class='ocrx_word' id='word_1_110' title='bbox 721 1139 825 1184; x_wconf 87' lang='lat' dir='ltr'>habebat</span> 
     </span>
     <span class='ocr_line' id='line_1_15' title="bbox 39 1210 825 1271; baseline -0.001 -16"><span class='ocrx_word' id='word_1_111' title='bbox 39 1211 118 1256; x_wconf 89' lang='lat' dir='ltr'>sedem</span> <span class='ocrx_word' id='word_1_112' title='bbox 137 1210 343 1271; x_wconf 83' lang='lat' dir='ltr'>argumentationis.</span> <span class='ocrx_word' id='word_1_113' title='bbox 379 1210 426 1257; x_wconf 89' lang='lat' dir='ltr'>Hic</span> <span class='ocrx_word' id='word_1_114' title='bbox 439 1210 540 1256; x_wconf 83' lang='lat' dir='ltr'>sensibus</span> <span class='ocrx_word' id='word_1_115' title='bbox 554 1211 634 1256; x_wconf 81' lang='lat' dir='ltr'>tribuit</span> <span class='ocrx_word' id='word_1_116' title='bbox 648 1211 767 1266; x_wconf 84' lang='lat' dir='ltr'>minorem,</span> <span class='ocrx_word' id='word_1_117' title='bbox 784 1210 825 1254; x_wconf 86' lang='lat' dir='ltr'>ille</span> 
     </span>
     <span class='ocr_line' id='line_1_16' title="bbox 36 1276 826 1342; baseline -0.003 -16"><span class='ocrx_word' id='word_1_118' title='bbox 36 1281 156 1338; x_wconf 88' lang='lat' dir='ltr'>maiorem,</span> <span class='ocrx_word' id='word_1_119' title='bbox 173 1276 243 1340; x_wconf 91' lang='lat' dir='ltr'>quam</span> <span class='ocrx_word' id='word_1_120' title='bbox 252 1296 295 1342; x_wconf 87' lang='lat' dir='ltr'>per</span> <span class='ocrx_word' id='word_1_121' title='bbox 304 1287 409 1326; x_wconf 89' lang='lat' dir='ltr'>naturam</span> <span class='ocrx_word' id='word_1_122' title='bbox 426 1279 551 1326; x_wconf 83' lang='lat' dir='ltr'>humanam</span> <span class='ocrx_word' id='word_1_123' title='bbox 568 1279 614 1326; x_wconf 76' lang='lat' dir='ltr'>vitri</span> <span class='ocrx_word' id='word_1_124' title='bbox 631 1280 751 1326; x_wconf 90' lang='lat' dir='ltr'>hominum</span> <span class='ocrx_word' id='word_1_125' title='bbox 768 1294 826 1341; x_wconf 86' lang='lat' dir='ltr'>pro-</span> 
     </span>
     <span class='ocr_line' id='line_1_17' title="bbox 38 1349 825 1412; baseline 0 -17"><span class='ocrx_word' id='word_1_126' title='bbox 38 1351 109 1397; x_wconf 87' lang='lat' dir='ltr'>ditam</span> <span class='ocrx_word' id='word_1_127' title='bbox 127 1351 162 1396; x_wconf 83' lang='lat' dir='ltr'>fas</span> <span class='ocrx_word' id='word_1_128' title='bbox 180 1357 242 1407; x_wconf 84' lang='lat' dir='ltr'>erat,</span> <span class='ocrx_word' id='word_1_129' title='bbox 264 1352 287 1396; x_wconf 92' lang='lat' dir='ltr'>in</span> <span class='ocrx_word' id='word_1_130' title='bbox 303 1351 419 1412; x_wconf 83' lang='lat' dir='ltr'>lingendo</span> <span class='ocrx_word' id='word_1_131' title='bbox 431 1349 527 1396; x_wconf 90' lang='lat' dir='ltr'>homine</span> <span class='ocrx_word' id='word_1_132' title='bbox 543 1351 711 1398; x_wconf 86' lang='lat' dir='ltr'>auctoritatem.</span> <span class='ocrx_word' id='word_1_133' title='bbox 747 1351 825 1407; x_wconf 73' lang='lat' dir='ltr'>Quem</span> 
     </span>
     <span class='ocr_line' id='line_1_18' title="bbox 35 1420 825 1468; baseline 0 -2"><span class='ocrx_word' id='word_1_134' title='bbox 35 1422 124 1467; x_wconf 89' lang='lat' dir='ltr'>Kantus</span> <span class='ocrx_word' id='word_1_135' title='bbox 142 1435 171 1466; x_wconf 78' lang='lat' dir='ltr'>err</span> <span class='ocrx_word' id='word_1_136' title='bbox 188 1421 278 1467; x_wconf 77' lang='lat' dir='ltr'>terreni</span> <span class='ocrx_word' id='word_1_137' title='bbox 295 1437 323 1468; x_wconf 88' lang='lat' dir='ltr'>ac</span> <span class='ocrx_word' id='word_1_138' title='bbox 338 1422 431 1467; x_wconf 89' lang='lat' dir='ltr'>rudiore</span> <span class='ocrx_word' id='word_1_139' title='bbox 445 1420 545 1467; x_wconf 89' lang='lat' dir='ltr'>hominis</span> <span class='ocrx_word' id='word_1_140' title='bbox 560 1423 641 1468; x_wconf 76' lang='lat' dir='ltr'>uaturtr</span> <span class='ocrx_word' id='word_1_141' title='bbox 656 1428 679 1466; x_wconf 88' lang='lat' dir='ltr'>et</span> <span class='ocrx_word' id='word_1_142' title='bbox 694 1421 825 1468; x_wconf 83' lang='lat' dir='ltr'>conditione</span> 
     </span>
     <span class='ocr_line' id='line_1_19' title="bbox 37 1491 824 1552; baseline 0 -15"><span class='ocrx_word' id='word_1_143' title='bbox 37 1492 115 1538; x_wconf 86' lang='lat' dir='ltr'>effecit</span> <span class='ocrx_word' id='word_1_144' title='bbox 133 1492 266 1552; x_wconf 77' lang='lat' dir='ltr'>effinxitque</span> <span class='ocrx_word' id='word_1_145' title='bbox 284 1492 365 1549; x_wconf 90' lang='lat' dir='ltr'>deum,</span> <span class='ocrx_word' id='word_1_146' title='bbox 387 1491 487 1538; x_wconf 91' lang='lat' dir='ltr'>eundem</span> <span class='ocrx_word' id='word_1_147' title='bbox 504 1497 568 1538; x_wconf 86' lang='lat' dir='ltr'>recte</span> <span class='ocrx_word' id='word_1_148' title='bbox 585 1493 675 1537; x_wconf 83' lang='lat' dir='ltr'>dubites</span> <span class='ocrx_word' id='word_1_149' title='bbox 692 1493 751 1537; x_wconf 90' lang='lat' dir='ltr'>ultra</span> <span class='ocrx_word' id='word_1_150' title='bbox 762 1491 824 1537; x_wconf 86' lang='lat' dir='ltr'>hanc</span> 
     </span>
     <span class='ocr_line' id='line_1_20' title="bbox 37 1561 823 1622; baseline 0 -15"><span class='ocrx_word' id='word_1_151' title='bbox 37 1563 111 1614; x_wconf 89' lang='lat' dir='ltr'>elatae</span> <span class='ocrx_word' id='word_1_152' title='bbox 124 1563 289 1622; x_wconf 88' lang='lat' dir='ltr'>eruditiorique</span> <span class='ocrx_word' id='word_1_153' title='bbox 306 1561 405 1608; x_wconf 86' lang='lat' dir='ltr'>hominis</span> <span class='ocrx_word' id='word_1_154' title='bbox 422 1568 517 1608; x_wconf 89' lang='lat' dir='ltr'>naturae</span> <span class='ocrx_word' id='word_1_155' title='bbox 534 1563 684 1609; x_wconf 83' lang='lat' dir='ltr'>necessarium</span> <span class='ocrx_word' id='word_1_156' title='bbox 702 1568 823 1607; x_wconf 89' lang='lat' dir='ltr'>consenta-</span> 
     </span>
     <span class='ocr_line' id='line_1_21' title="bbox 35 1631 822 1694; baseline -0.003 -15"><span class='ocrx_word' id='word_1_157' title='bbox 35 1648 133 1679; x_wconf 88' lang='lat' dir='ltr'>neumve</span> <span class='ocrx_word' id='word_1_158' title='bbox 150 1634 252 1678; x_wconf 88' lang='lat' dir='ltr'>futuram</span> <span class='ocrx_word' id='word_1_159' title='bbox 268 1634 395 1694; x_wconf 88' lang='lat' dir='ltr'>appellare.</span> <span class='ocrx_word' id='word_1_160' title='bbox 431 1631 536 1678; x_wconf 89' lang='lat' dir='ltr'>Fichtius</span> <span class='ocrx_word' id='word_1_161' title='bbox 549 1639 626 1679; x_wconf 89' lang='lat' dir='ltr'>autem</span> <span class='ocrx_word' id='word_1_162' title='bbox 642 1633 673 1678; x_wconf 91' lang='lat' dir='ltr'>de</span> <span class='ocrx_word' id='word_1_163' title='bbox 689 1638 766 1678; x_wconf 89' lang='lat' dir='ltr'>mente</span> <span class='ocrx_word' id='word_1_164' title='bbox 784 1632 822 1677; x_wconf 91' lang='lat' dir='ltr'>di-</span> 
     </span>
     <span class='ocr_line' id='line_1_22' title="bbox 35 1703 821 1765; baseline -0.001 -17"><span class='ocrx_word' id='word_1_165' title='bbox 35 1704 82 1763; x_wconf 88' lang='lat' dir='ltr'>xit,</span> <span class='ocrx_word' id='word_1_166' title='bbox 106 1719 178 1765; x_wconf 90' lang='lat' dir='ltr'>quum</span> <span class='ocrx_word' id='word_1_167' title='bbox 195 1703 226 1748; x_wconf 95' lang='lat' dir='ltr'>de</span> <span class='ocrx_word' id='word_1_168' title='bbox 243 1703 338 1749; x_wconf 90' lang='lat' dir='ltr'>homine</span> <span class='ocrx_word' id='word_1_169' title='bbox 356 1703 480 1750; x_wconf 90' lang='lat' dir='ltr'>dicendum</span> <span class='ocrx_word' id='word_1_170' title='bbox 503 1709 568 1749; x_wconf 88' lang='lat' dir='ltr'>esset.</span> <span class='ocrx_word' id='word_1_171' title='bbox 603 1703 743 1764; x_wconf 86' lang='lat' dir='ltr'>Simpliciter</span> <span class='ocrx_word' id='word_1_172' title='bbox 758 1703 821 1748; x_wconf 90' lang='lat' dir='ltr'>arbi-</span> 
     </span>
     <span class='ocr_line' id='line_1_23' title="bbox 35 1773 822 1834; baseline -0.001 -15"><span class='ocrx_word' id='word_1_173' title='bbox 35 1780 107 1820; x_wconf 88' lang='lat' dir='ltr'>tratus</span> <span class='ocrx_word' id='word_1_174' title='bbox 125 1780 168 1831; x_wconf 91' lang='lat' dir='ltr'>est,</span> <span class='ocrx_word' id='word_1_175' title='bbox 190 1775 344 1834; x_wconf 85' lang='lat' dir='ltr'>quodcunque</span> <span class='ocrx_word' id='word_1_176' title='bbox 362 1790 425 1820; x_wconf 88' lang='lat' dir='ltr'>ruens</span> <span class='ocrx_word' id='word_1_177' title='bbox 443 1773 514 1834; x_wconf 89' lang='lat' dir='ltr'>possit</span> <span class='ocrx_word' id='word_1_178' title='bbox 533 1773 646 1819; x_wconf 85' lang='lat' dir='ltr'>ethome</span> <span class='ocrx_word' id='word_1_179' title='bbox 665 1774 750 1819; x_wconf 88' lang='lat' dir='ltr'>debeat</span> <span class='ocrx_word' id='word_1_180' title='bbox 768 1774 822 1819; x_wconf 78' lang='lat' dir='ltr'>effi-</span> 
     </span>
     <span class='ocr_line' id='line_1_24' title="bbox 36 1843 822 1905; baseline 0.001 -16"><span class='ocrx_word' id='word_1_181' title='bbox 36 1859 100 1901; x_wconf 84' lang='lat' dir='ltr'>cere,</span> <span class='ocrx_word' id='word_1_182' title='bbox 118 1844 144 1889; x_wconf 87' lang='lat' dir='ltr'>id</span> <span class='ocrx_word' id='word_1_183' title='bbox 162 1843 280 1890; x_wconf 91' lang='lat' dir='ltr'>homiuem</span> <span class='ocrx_word' id='word_1_184' title='bbox 295 1845 363 1889; x_wconf 87' lang='lat' dir='ltr'>etiam</span> <span class='ocrx_word' id='word_1_185' title='bbox 382 1859 451 1905; x_wconf 88' lang='lat' dir='ltr'>posse</span> <span class='ocrx_word' id='word_1_186' title='bbox 468 1844 571 1890; x_wconf 82' lang='lat' dir='ltr'>efficere.</span> <span class='ocrx_word' id='word_1_187' title='bbox 606 1845 652 1889; x_wconf 89' lang='lat' dir='ltr'>Per</span> <span class='ocrx_word' id='word_1_188' title='bbox 666 1845 741 1904; x_wconf 86' lang='lat' dir='ltr'>ipsam</span> <span class='ocrx_word' id='word_1_189' title='bbox 759 1843 822 1891; x_wconf 89' lang='lat' dir='ltr'>hauc</span> 
     </span>
     <span class='ocr_line' id='line_1_25' title="bbox 35 1908 830 1976; baseline 0.001 -18"><span class='ocrx_word' id='word_1_190' title='bbox 35 1914 194 1959; x_wconf 86' lang='lat' dir='ltr'>admirabilem</span> <span class='ocrx_word' id='word_1_191' title='bbox 212 1909 255 1976; x_wconf 69' lang='grc' dir='ltr'>τὴν</span> <span class='ocrx_word' id='word_1_192' title='bbox 272 1909 399 1975; x_wconf 70' lang='grc' dir='ltr'><strong><em>μετάβασιν</em></strong></span> <span class='ocrx_word' id='word_1_193' title='bbox 409 1916 444 1970; x_wconf 72' lang='grc' dir='ltr'>εἰς</span> <span class='ocrx_word' id='word_1_194' title='bbox 454 1908 512 1960; x_wconf 80' lang='lat' dir='ltr'>tltto</span> <span class='ocrx_word' id='word_1_195' title='bbox 522 1914 591 1976; x_wconf 61' lang='grc' dir='ltr'><strong><em>γένος</em></strong></span> <span class='ocrx_word' id='word_1_196' title='bbox 606 1914 711 1960; x_wconf 88' lang='lat' dir='ltr'>inductus</span> <span class='ocrx_word' id='word_1_197' title='bbox 729 1914 773 1960; x_wconf 87' lang='lat' dir='ltr'>fuit</span> <span class='ocrx_word' id='word_1_198' title='bbox 790 1914 830 1959; x_wconf 89' lang='lat' dir='ltr'>ad</span> 
     </span>
     <span class='ocr_line' id='line_1_26' title="bbox 35 1983 821 2044; baseline -0.001 -14"><span class='ocrx_word' id='word_1_199' title='bbox 35 1983 194 2030; x_wconf 82' lang='lat' dir='ltr'>somniandum</span> <span class='ocrx_word' id='word_1_200' title='bbox 206 1985 273 2029; x_wconf 91' lang='lat' dir='ltr'>illum</span> <span class='ocrx_word' id='word_1_201' title='bbox 290 1984 408 2042; x_wconf 89' lang='lat' dir='ltr'>„ethicum</span> <span class='ocrx_word' id='word_1_202' title='bbox 421 2000 497 2030; x_wconf 86' lang='lat' dir='ltr'>rerum</span> <span class='ocrx_word' id='word_1_203' title='bbox 509 1984 676 2044; x_wconf 88' lang='lat' dir='ltr'>hominumque</span> <span class='ocrx_word' id='word_1_204' title='bbox 688 1984 821 2040; x_wconf 88' lang='lat' dir='ltr'>ordinem,“</span> 
     </span>
     <span class='ocr_line' id='line_1_27' title="bbox 34 2054 821 2115; baseline 0.001 -17"><span class='ocrx_word' id='word_1_205' title='bbox 34 2056 75 2114; x_wconf 89' lang='lat' dir='ltr'>qui</span> <span class='ocrx_word' id='word_1_206' title='bbox 93 2055 215 2115; x_wconf 81' lang='lat' dir='ltr'>effingeret</span> <span class='ocrx_word' id='word_1_207' title='bbox 233 2055 302 2100; x_wconf 90' lang='lat' dir='ltr'>deum</span> <span class='ocrx_word' id='word_1_208' title='bbox 320 2055 397 2115; x_wconf 84' lang='lat' dir='ltr'>potius</span> <span class='ocrx_word' id='word_1_209' title='bbox 414 2071 485 2115; x_wconf 88' lang='lat' dir='ltr'>quam</span> <span class='ocrx_word' id='word_1_210' title='bbox 502 2055 549 2100; x_wconf 89' lang='lat' dir='ltr'>deo</span> <span class='ocrx_word' id='word_1_211' title='bbox 565 2056 633 2100; x_wconf 89' lang='lat' dir='ltr'>rebus</span> <span class='ocrx_word' id='word_1_212' title='bbox 642 2054 821 2113; x_wconf 88' lang='lat' dir='ltr'>hominibusque</span> 
     </span>
     <span class='ocr_line' id='line_1_28' title="bbox 34 2124 817 2185; baseline 0.001 -16"><span class='ocrx_word' id='word_1_213' title='bbox 34 2125 157 2185; x_wconf 86' lang='lat' dir='ltr'>praefecto</span> <span class='ocrx_word' id='word_1_214' title='bbox 167 2131 190 2169; x_wconf 91' lang='lat' dir='ltr'>et</span> <span class='ocrx_word' id='word_1_215' title='bbox 206 2131 328 2185; x_wconf 87' lang='lat' dir='ltr'>praesente</span> <span class='ocrx_word' id='word_1_216' title='bbox 345 2126 368 2169; x_wconf 91' lang='lat' dir='ltr'>in</span> <span class='ocrx_word' id='word_1_217' title='bbox 385 2124 421 2169; x_wconf 89' lang='lat' dir='ltr'>his</span> <span class='ocrx_word' id='word_1_218' title='bbox 431 2125 514 2170; x_wconf 90' lang='lat' dir='ltr'>iisdem</span> <span class='ocrx_word' id='word_1_219' title='bbox 525 2125 679 2185; x_wconf 78' lang='lat' dir='ltr'>effingeretur.</span> <span class='ocrx_word' id='word_1_220' title='bbox 694 2125 817 2170; x_wconf 88' lang='lat' dir='ltr'>Persuase·</span> 
     </span>
     <span class='ocr_line' id='line_1_29' title="bbox 34 2185 819 2257; baseline -0.001 -18"><span class='ocrx_word' id='word_1_221' title='bbox 34 2200 71 2239; x_wconf 85' lang='lat' dir='ltr'>rat</span> <span class='ocrx_word' id='word_1_222' title='bbox 80 2195 210 2251; x_wconf 84' lang='lat' dir='ltr'>sibi,solum</span> <span class='ocrx_word' id='word_1_223' title='bbox 216 2195 241 2240; x_wconf 93' lang='lat' dir='ltr'>id</span> <span class='ocrx_word' id='word_1_224' title='bbox 251 2196 325 2242; x_wconf 87' lang='lat' dir='ltr'>videri</span> <span class='ocrx_word' id='word_1_225' title='bbox 338 2211 386 2241; x_wconf 86' lang='lat' dir='ltr'>esse</span> <span class='ocrx_word' id='word_1_226' title='bbox 398 2201 490 2257; x_wconf 85' lang='lat' dir='ltr'>praeter</span> <span class='ocrx_word' id='word_1_227' title='bbox 502 2185 625 2240; x_wconf 84' lang='lat' dir='ltr'>humanam</span> <span class='ocrx_word' id='word_1_228' title='bbox 635 2199 741 2252; x_wconf 85' lang='lat' dir='ltr'>mentem,</span> <span class='ocrx_word' id='word_1_229' title='bbox 753 2193 819 2252; x_wconf 87' lang='lat' dir='ltr'>quod</span> 
     </span>
     <span class='ocr_line' id='line_1_30' title="bbox 32 2263 818 2327; baseline 0.003 -18"><span class='ocrx_word' id='word_1_230' title='bbox 32 2263 93 2310; x_wconf 88' lang='lat' dir='ltr'>haec</span> <span class='ocrx_word' id='word_1_231' title='bbox 106 2279 152 2308; x_wconf 91' lang='lat' dir='ltr'>non</span> <span class='ocrx_word' id='word_1_232' title='bbox 171 2280 198 2310; x_wconf 87' lang='lat' dir='ltr'>ex</span> <span class='ocrx_word' id='word_1_233' title='bbox 216 2281 240 2310; x_wconf 90' lang='lat' dir='ltr'>se</span> <span class='ocrx_word' id='word_1_234' title='bbox 257 2265 308 2325; x_wconf 76' lang='lat' dir='ltr'>ipsi</span> <span class='ocrx_word' id='word_1_235' title='bbox 325 2266 372 2312; x_wconf 85' lang='lat' dir='ltr'>sive</span> <span class='ocrx_word' id='word_1_236' title='bbox 390 2266 515 2327; x_wconf 82' lang='lat' dir='ltr'>cogitando</span> <span class='ocrx_word' id='word_1_237' title='bbox 526 2265 572 2310; x_wconf 87' lang='lat' dir='ltr'>sive</span> <span class='ocrx_word' id='word_1_238' title='bbox 584 2264 683 2309; x_wconf 84' lang='lat' dir='ltr'>volendo</span> <span class='ocrx_word' id='word_1_239' title='bbox 697 2263 818 2311; x_wconf 83' lang='lat' dir='ltr'>effecisset.</span> 
     </span>
     <span class='ocr_line' id='line_1_31' title="bbox 31 2332 818 2396; baseline 0 -16"><span class='ocrx_word' id='word_1_240' title='bbox 31 2334 70 2384; x_wconf 74' lang='lat' dir='ltr'>Ex</span> <span class='ocrx_word' id='word_1_241' title='bbox 90 2332 138 2378; x_wconf 92' lang='lat' dir='ltr'>hoc</span> <span class='ocrx_word' id='word_1_242' title='bbox 161 2342 292 2381; x_wconf 90' lang='lat' dir='ltr'>commento</span> <span class='ocrx_word' id='word_1_243' title='bbox 313 2351 360 2381; x_wconf 89' lang='lat' dir='ltr'>uon</span> <span class='ocrx_word' id='word_1_244' title='bbox 378 2338 454 2395; x_wconf 87' lang='lat' dir='ltr'>pctuit</span> <span class='ocrx_word' id='word_1_245' title='bbox 470 2335 565 2396; x_wconf 89' lang='lat' dir='ltr'>prodire</span> <span class='ocrx_word' id='word_1_246' title='bbox 582 2335 623 2379; x_wconf 91' lang='lat' dir='ltr'>nisi</span> <span class='ocrx_word' id='word_1_247' title='bbox 645 2332 818 2384; x_wconf 80' lang='lat' dir='ltr'>autctheismus.</span> 
     </span>
     <span class='ocr_line' id='line_1_32' title="bbox 31 2402 820 2464; baseline -0.001 -14"><span class='ocrx_word' id='word_1_248' title='bbox 31 2405 54 2450; x_wconf 89' lang='lat' dir='ltr'><strong>A</strong></span> <span class='ocrx_word' id='word_1_249' title='bbox 72 2402 183 2464; x_wconf 85' lang='lat' dir='ltr'>dignitate</span> <span class='ocrx_word' id='word_1_250' title='bbox 202 2410 278 2448; x_wconf 89' lang='lat' dir='ltr'>autem</span> <span class='ocrx_word' id='word_1_251' title='bbox 297 2411 320 2449; x_wconf 89' lang='lat' dir='ltr'>et</span> <span class='ocrx_word' id='word_1_252' title='bbox 337 2407 454 2450; x_wconf 86' lang='lat' dir='ltr'>maiestate</span> <span class='ocrx_word' id='word_1_253' title='bbox 477 2406 536 2464; x_wconf 90' lang='lat' dir='ltr'>eius,</span> <span class='ocrx_word' id='word_1_254' title='bbox 560 2404 623 2464; x_wconf 87' lang='lat' dir='ltr'>quod</span> <span class='ocrx_word' id='word_1_255' title='bbox 646 2419 778 2463; x_wconf 87' lang='lat' dir='ltr'>supremum</span> <span class='ocrx_word' id='word_1_256' title='bbox 794 2405 820 2450; x_wconf 91' lang='lat' dir='ltr'>in</span> 
     </span>
     <span class='ocr_line' id='line_1_33' title="bbox 32 2472 818 2533; baseline 0.003 -15"><span class='ocrx_word' id='word_1_257' title='bbox 32 2474 113 2518; x_wconf 90' lang='lat' dir='ltr'>divinis</span> <span class='ocrx_word' id='word_1_258' title='bbox 130 2472 208 2516; x_wconf 94' lang='lat' dir='ltr'>locum</span> <span class='ocrx_word' id='word_1_259' title='bbox 222 2479 322 2531; x_wconf 86' lang='lat' dir='ltr'>teneret,</span> <span class='ocrx_word' id='word_1_260' title='bbox 339 2475 413 2519; x_wconf 90' lang='lat' dir='ltr'>minus</span> <span class='ocrx_word' id='word_1_261' title='bbox 431 2474 523 2519; x_wconf 88' lang='lat' dir='ltr'>detrahi</span> <span class='ocrx_word' id='word_1_262' title='bbox 541 2475 641 2533; x_wconf 89' lang='lat' dir='ltr'>putavit,</span> <span class='ocrx_word' id='word_1_263' title='bbox 659 2474 677 2518; x_wconf 91' lang='lat' dir='ltr'>si</span> <span class='ocrx_word' id='word_1_264' title='bbox 694 2472 743 2520; x_wconf 89' lang='lat' dir='ltr'>hoc</span> <span class='ocrx_word' id='word_1_265' title='bbox 760 2489 818 2521; x_wconf 92' lang='lat' dir='ltr'>con-</span> 
     </span>
     <span class='ocr_line' id='line_1_34' title="bbox 30 2542 850 2601; baseline 0 -13"><span class='ocrx_word' id='word_1_266' title='bbox 30 2544 94 2588; x_wconf 90' lang='lat' dir='ltr'>tinuo</span> <span class='ocrx_word' id='word_1_267' title='bbox 111 2543 134 2586; x_wconf 92' lang='lat' dir='ltr'>in</span> <span class='ocrx_word' id='word_1_268' title='bbox 153 2542 200 2586; x_wconf 86' lang='lat' dir='ltr'>aliis</span> <span class='ocrx_word' id='word_1_269' title='bbox 217 2542 354 2601; x_wconf 88' lang='lat' dir='ltr'>quibusdam</span> <span class='ocrx_word' id='word_1_270' title='bbox 372 2559 420 2588; x_wconf 85' lang='lat' dir='ltr'>esse</span> <span class='ocrx_word' id='word_1_271' title='bbox 433 2560 461 2590; x_wconf 87' lang='lat' dir='ltr'>ac</span> <span class='ocrx_word' id='word_1_272' title='bbox 478 2545 585 2587; x_wconf 90' lang='lat' dir='ltr'>continuo</span> <span class='ocrx_word' id='word_1_273' title='bbox 600 2543 650 2587; x_wconf 84' lang='lat' dir='ltr'>lieri</span> <span class='ocrx_word' id='word_1_274' title='bbox 666 2549 689 2587; x_wconf 89' lang='lat' dir='ltr'>et</span> <span class='ocrx_word' id='word_1_275' title='bbox 703 2544 817 2600; x_wconf 88' lang='lat' dir='ltr'>accidere,</span> <span class='ocrx_word' id='word_1_276' title='bbox 848 2560 850 2563; x_wconf 73' lang='grc'>’</span> 
     </span>
     <span class='ocr_line' id='line_1_35' title="bbox 30 2611 816 2672; baseline -0.001 -15"><span class='ocrx_word' id='word_1_277' title='bbox 30 2628 100 2672; x_wconf 83' lang='lat' dir='ltr'>quam</span> <span class='ocrx_word' id='word_1_278' title='bbox 118 2611 137 2655; x_wconf 87' lang='lat' dir='ltr'>si</span> <span class='ocrx_word' id='word_1_279' title='bbox 153 2611 227 2670; x_wconf 86' lang='lat' dir='ltr'>ipsum</span> <span class='ocrx_word' id='word_1_280' title='bbox 247 2611 279 2657; x_wconf 91' lang='lat' dir='ltr'>sic</span> <span class='ocrx_word' id='word_1_281' title='bbox 296 2612 418 2657; x_wconf 85' lang='lat' dir='ltr'>subsistere</span> <span class='ocrx_word' id='word_1_282' title='bbox 435 2613 573 2667; x_wconf 89' lang='lat' dir='ltr'>crederetur,</span> <span class='ocrx_word' id='word_1_283' title='bbox 592 2612 678 2658; x_wconf 87' lang='lat' dir='ltr'>utalia</span> <span class='ocrx_word' id='word_1_284' title='bbox 696 2620 776 2659; x_wconf 92' lang='lat' dir='ltr'>cuncta</span> <span class='ocrx_word' id='word_1_285' title='bbox 792 2613 816 2656; x_wconf 93' lang='lat' dir='ltr'>in</span> 
     </span>
     <span class='ocr_line' id='line_1_36' title="bbox 31 2681 815 2737; baseline -0.003 -10"><span class='ocrx_word' id='word_1_286' title='bbox 31 2697 59 2727; x_wconf 91' lang='lat' dir='ltr'>eo</span> <span class='ocrx_word' id='word_1_287' title='bbox 76 2681 157 2725; x_wconf 84' lang='lat' dir='ltr'>fierent</span> <span class='ocrx_word' id='word_1_288' title='bbox 175 2687 198 2725; x_wconf 90' lang='lat' dir='ltr'>et</span> <span class='ocrx_word' id='word_1_289' title='bbox 214 2687 292 2726; x_wconf 83' lang='lat' dir='ltr'>essent.</span> <span class='ocrx_word' id='word_1_290' title='bbox 303 2707 338 2715; x_wconf 89' lang='lat'>-</span> <span class='ocrx_word' id='word_1_291' title='bbox 353 2681 401 2726; x_wconf 86' lang='lat' dir='ltr'>Sed</span> <span class='ocrx_word' id='word_1_292' title='bbox 419 2682 528 2737; x_wconf 85' lang='lat' dir='ltr'>dixeram,</span> <span class='ocrx_word' id='word_1_293' title='bbox 546 2682 584 2730; x_wconf 83' lang='lat' dir='ltr'>his</span> <span class='ocrx_word' id='word_1_294' title='bbox 601 2688 624 2727; x_wconf 89' lang='lat' dir='ltr'>et</span> <span class='ocrx_word' id='word_1_295' title='bbox 640 2683 747 2728; x_wconf 86' lang='lat' dir='ltr'>similibus</span> <span class='ocrx_word' id='word_1_296' title='bbox 762 2695 815 2725; x_wconf 89' lang='lat' dir='ltr'>cor-</span> 
     </span>
     <span class='ocr_line' id='line_1_37' title="bbox 29 2748 815 2811; baseline -0.004 -13"><span class='ocrx_word' id='word_1_297' title='bbox 29 2751 92 2810; x_wconf 86' lang='lat' dir='ltr'>rupti</span> <span class='ocrx_word' id='word_1_298' title='bbox 112 2751 240 2810; x_wconf 83' lang='lat' dir='ltr'>argumeuti</span> <span class='ocrx_word' id='word_1_299' title='bbox 258 2750 327 2796; x_wconf 88' lang='lat' dir='ltr'>ethici</span> <span class='ocrx_word' id='word_1_300' title='bbox 345 2751 455 2811; x_wconf 83' lang='lat' dir='ltr'>exemplis</span> <span class='ocrx_word' id='word_1_301' title='bbox 473 2752 518 2796; x_wconf 84' lang='lat' dir='ltr'>rim</span> <span class='ocrx_word' id='word_1_302' title='bbox 533 2758 555 2796; x_wconf 90' lang='lat' dir='ltr'>et</span> <span class='ocrx_word' id='word_1_303' title='bbox 573 2753 729 2799; x_wconf 86' lang='lat' dir='ltr'>auctoritatem</span> <span class='ocrx_word' id='word_1_304' title='bbox 747 2748 815 2796; x_wconf 85' lang='lat' dir='ltr'>huius</span> 
     </span>
     <span class='ocr_line' id='line_1_38' title="bbox 29 2814 815 2881; baseline -0.004 -15"><span class='ocrx_word' id='word_1_305' title='bbox 29 2814 122 2869; x_wconf 85' lang='lat' dir='ltr'>minime</span> <span class='ocrx_word' id='word_1_306' title='bbox 140 2820 216 2866; x_wconf 88' lang='lat' dir='ltr'>everti.</span> <span class='ocrx_word' id='word_1_307' title='bbox 251 2820 318 2866; x_wconf 90' lang='lat' dir='ltr'>Haec</span> <span class='ocrx_word' id='word_1_308' title='bbox 333 2820 382 2880; x_wconf 90' lang='lat' dir='ltr'>ipsa</span> <span class='ocrx_word' id='word_1_309' title='bbox 399 2835 455 2866; x_wconf 81' lang='lat' dir='ltr'>vero</span> <span class='ocrx_word' id='word_1_310' title='bbox 470 2823 493 2865; x_wconf 89' lang='lat' dir='ltr'>iu</span> <span class='ocrx_word' id='word_1_311' title='bbox 511 2821 555 2866; x_wconf 87' lang='lat' dir='ltr'>illis</span> <span class='ocrx_word' id='word_1_312' title='bbox 571 2822 672 2881; x_wconf 87' lang='lat' dir='ltr'>conspici</span> <span class='ocrx_word' id='word_1_313' title='bbox 689 2820 747 2864; x_wconf 89' lang='lat' dir='ltr'>mihi</span> <span class='ocrx_word' id='word_1_314' title='bbox 761 2819 815 2878; x_wconf 86' lang='lat' dir='ltr'>qui-</span> 
     </span>
     <span class='ocr_line' id='line_1_39' title="bbox 30 2887 813 2951; baseline 0.001 -16"><span class='ocrx_word' id='word_1_315' title='bbox 30 2892 89 2936; x_wconf 51' lang='lat' dir='ltr'>dem*</span> <span class='ocrx_word' id='word_1_316' title='bbox 107 2890 209 2946; x_wconf 82' lang='lat' dir='ltr'>videtur,</span> <span class='ocrx_word' id='word_1_317' title='bbox 233 2905 292 2949; x_wconf 89' lang='lat' dir='ltr'>quae</span> <span class='ocrx_word' id='word_1_318' title='bbox 314 2890 420 2936; x_wconf 87' lang='lat' dir='ltr'>adversus</span> <span class='ocrx_word' id='word_1_319' title='bbox 443 2891 545 2951; x_wconf 89' lang='lat' dir='ltr'>priorem</span> <span class='ocrx_word' id='word_1_320' title='bbox 566 2890 723 2937; x_wconf 82' lang='lat' dir='ltr'>hermesianae</span> <span class='ocrx_word' id='word_1_321' title='bbox 745 2887 813 2936; x_wconf 89' lang='lat' dir='ltr'>huius</span> 
     </span>
     <span class='ocr_line' id='line_1_40' title="bbox 29 2959 814 3022; baseline -0.001 -16"><span class='ocrx_word' id='word_1_322' title='bbox 29 2960 186 3022; x_wconf 86' lang='lat' dir='ltr'>disputationis</span> <span class='ocrx_word' id='word_1_323' title='bbox 208 2967 300 3022; x_wconf 86' lang='lat' dir='ltr'>partem</span> <span class='ocrx_word' id='word_1_324' title='bbox 329 2959 449 3022; x_wconf 82' lang='lat' dir='ltr'>disputari.</span> <span class='ocrx_word' id='word_1_325' title='bbox 485 2962 546 3009; x_wconf 87' lang='lat' dir='ltr'>Nam</span> <span class='ocrx_word' id='word_1_326' title='bbox 575 2967 662 3007; x_wconf 90' lang='lat' dir='ltr'>tautum</span> <span class='ocrx_word' id='word_1_327' title='bbox 689 2962 814 3021; x_wconf 82' lang='lat' dir='ltr'>cognosci-</span> 
     </span>
    </p>
   </div>
   <div class='ocr_carea' id='block_1_3' title="bbox 0 0 870 3169">
    <p class='ocr_par' dir='ltr' id='par_1_4' title="bbox 0 0 870 3169">
     <span class='ocr_line' id='line_1_41' title="bbox 0 0 870 3169; baseline 0 3"><span class='ocrx_word' id='word_1_328' title='bbox 0 0 870 3169; x_wconf 95' lang='lat' dir='ltr'> </span> 
     </span>
    </p>
   </div>
  </div>
 </body>
</html>
