1732 3169
93 167 128 210 De
145 169 252 211 notura*
268 169 305 212 det
321 172 488 215 theoreticis
506 186 533 215 er
548 174 617 215 coticis
632 174 759 231 necessarii.
781 166 831 216 ‚55

39 292 99 337 ratio
124 309 168 356 per
195 301 298 342 naturam
323 295 361 343 dei
385 299 513 345 necessaria
535 299 627 346 subesse
650 297 765 347 censenda
788 303 833 352 est,

35 363 101 411 Hinc
117 365 184 426 deus,
202 367 226 412 si
237 368 346 429 deinceps
363 369 458 416 existere
475 370 586 416 mundum
601 370 685 429 voluit,
703 387 747 433 per
760 376 828 416 natu·
846 416 848 419 ,

37 451 169 484 ramsnam
186 454 232 485 non
250 440 352 501 potuisse
367 456 414 486 nou
431 441 492 487 velle
505 442 630 488 censendus
649 448 689 488 est.
724 442 827 488 Naturae
854 470 856 472 >

39 514 114 553 antem
134 510 224 555 divinae
242 517 418 558 consentaneum
432 527 483 575 non·
495 528 543 558 esse
556 514 598 558 nisi
614 509 733 559 exordium
746 513 827 559 mundi

39 583 60 622 et
77 577 166 627 idcirco
180 579 231 628 hoo
246 597 297 627 esse
311 581 475 638 necessarium,
492 597 561 627 nemo
576 574 696 629 facile'est
713 585 753 643 qui
771 585 826 643 opi·
862 588 864 590 ’

38 654 112 699 netur.
146 650 244 711 Siquid
259 651 291 697 de
305 666 341 707 eu,
358 651 422 711 quod
437 658 517 697 natura
535 652 574 713 dei
589 654 654 711 ferat,
672 654 826 715 potesttiudi-

39 719 100 777 cari,
127 720 266 767 luculentius
286 736 338 767 cum
362 721 408 768 hac
430 723 584 768 aeternitatem
611 740 680 783 quam
705 724 825 769 exordium

38 789 118 835 mundi
135 805 266 853 congruere
278 790 360 846 videri,
376 791 441 837 haud
456 793 514 838 levis
529 794 628 853 suspicio
642 800 682 843 est.

88 860 230 906 Secundo
246 861 627 910 inlucoHermesiusvoluitvideri
642 864 823 910 creationem

37 930 137 975 mundi
155 946 188 977 ex
205 930 302 976 nihilo
321 932 429 998 factam
448 949 476 978 ex
492 934 584 980 notione
602 950 723 994 supremae
741 948 824 978 causae

37 1000 172 1058 deduxisse,
194 1001 351 1047 difficultatem
369 1009 445 1048 antem
463 1004 539 1059 illam,
562 1020 608 1063 qua
622 1004 686 1051 hunc
704 1003 825 1048 creationis

37 1070 147 1129 modum,
163 1071 203 1130 qni
218 1071 330 1116 dualismo
349 1072 421 1117 dediti
440 1081 514 1130 erant,
531 1074 712 1133 impediverunt,
731 1088 824 1117 omnem

36 1140 156 1189 sustulisse.
167 1168 204 1176 —
220 1142 266 1186 Per
279 1141 338 1187 illud
353 1143 447 1201 quidem
463 1158 543 1188 eurum
558 1144 745 1205 dogmaticorum
759 1158 824 1188 com-

35 1217 144 1268 mentum,
174 1210 259 1271 quide
281 1211 356 1256 nihilo
384 1211 442 1256 nihil
470 1226 537 1272 posse
564 1214 630 1273 gigni
647 1217 824 1272 praeceperunt,

35 1281 162 1326 rectissime
176 1280 272 1340 negavit
291 1280 425 1340 simpliciter
452 1284 535 1327 everti·
550 1281 688 1328 creationem
706 1296 734 1325 ex
751 1280 824 1324 nihilo

35 1348 128 1394 factam.
151 1350 195 1394 Est
205 1349 320 1407 quaedam
334 1351 359 1394 in
374 1350 422 1394 hac
436 1353 507 1395 menti
524 1351 646 1411 probandi
660 1351 758 1395 notionis
769 1350 824 1401 eius,

35 1434 81 1478 qua
93 1433 201 1479 suprema
214 1434 285 1467 causa
299 1419 511 1479 comprehenditur,
527 1421 656 1466 auctoritas.
683 1418 824 1464 Huiusmodi

35 1502 102 1535 causa
116 1503 163 1533 non
175 1494 252 1549 potest
265 1489 310 1533 nisi
325 1504 370 1533 nna
386 1489 491 1549 cogitari.
530 1490 592 1534 Hinc
609 1495 703 1549 praeter
724 1487 822 1533 eandem

35 1573 82 1604 esse
98 1558 220 1603 existimari
231 1557 317 1616 nequit,
335 1557 399 1616 quod
417 1557 438 1602 ei
455 1559 478 1603 in
495 1558 550 1614 hoc,
569 1564 593 1603 ut
609 1565 666 1603 esset
679 1550 825 1619 causas'nllo

34 1628 107 1673 modo
124 1627 231 1674 adfuerit.
266 1628 353 1671 Natura
371 1627 473 1678 eiusdem
490 1643 537 1672 non
554 1633 630 1688 potest
647 1628 689 1672 nisi
708 1643 735 1672 ea
753 1627 826 1687 cogi·

33 1699 84 1755 tari,
101 1714 163 1758 quae
179 1696 219 1742 sui
236 1697 331 1742 essentia
348 1697 474 1743 universam
492 1688 563 1756 illam,
582 1713 651 1758 quam
667 1688 733 1742 mens
751 1697 827 1758 possit

35 1771 123 1830 assequi
141 1768 273 1830 cogitando,
292 1770 410 1814 essentiam
428 1769 603 1831 complectatur.
639 1768 701 1815 ilinc
719 1782 765 1812 non
783 1782 821 1812 so·
862 1817 864 1821 y

33 1841 82 1886 lum
99 1855 145 1886 non
163 1846 203 1898 est,
221 1855 262 1885 cnr
276 1839 378 1900 fingatur
392 1839 479 1899 aliquid
498 1840 600 1885 adfuisse
615 1840 644 1897 ei,
661 1839 822 1901 verumetiam

33 1912 113 1971 nequit
129 1910 175 1956 dici
192 1925 239 1956 esse
257 1909 398 1970 quidquam,
421 1911 463 1955 nisi
487 1912 587 1956 manavit
605 1926 634 1955 ex·
653 1911 758 1956 universo
773 1910 822 1956 hoc

33 1984 98 2029 fonte
113 1981 227 2030 essentiae.
263 1981 301 2026 Ea
318 1988 351 2026 est
368 1981 466 2027 notionis
482 1982 544 2028 illius
560 1981 697 2043 amplitudo,
715 1987 740 2026 nt
751 1995 821 2041 prae-

33 2059 68 2100 ter
91 2068 221 2113 supremam
243 2067 334 2097 causam
362 2067 405 2098 nec
433 2054 505 2113 possit
526 2069 570 2099 nec
595 2053 680 2098 debeat
701 2051 759 2111 fingi
776 2051 821 2094 alia

33 2124 91 2168 ratio
110 2125 164 2179 eins,
181 2121 245 2182 quod
262 2122 343 2167 exstitit
359 2123 405 2168 sire
420 2123 497 2167 forma
513 2124 560 2168 sive
577 2123 670 2167 materia
687 2136 769 2175 rerum.
785 2146 820 2155 -

33 2195 65 2240 At
84 2196 140 2238 ve'ro
164 2193 264 2237 eiusdem
287 2192 349 2237 illius
372 2193 470 2238 notionis
487 2194 555 2238 etiam
570 2192 630 2237 haec
648 2190 729 2236 eadem
750 2196 820 2248 atque

35 2264 135 2308 omnium
153 2263 271 2307 notionum
290 2268 369 2308 natura
388 2269 432 2314 est,
457 2269 481 2308 ut
498 2264 560 2307 nulla
578 2263 605 2306 sit
622 2261 704 2305 harum
720 2260 821 2306 auctori*

33 2340 74 2391 tas,
91 2333 132 2376 ubi
150 2331 181 2375 ad
198 2348 247 2376 reru
263 2333 428 2390 anquirendum
445 2340 579 2393 perventum
596 2339 635 2378 est.
670 2331 715 2374 istd
737 2345 820 2375 causae

34 2403 159 2448 universam
178 2408 313 2446 cunctorum
331 2402 442 2446 rationem
463 2403 487 2446 in
504 2417 528 2446 se
544 2401 717 2460 complectentis
726 2400 821 2445 notione

34 2474 103 2519 etiam
123 2470 191 2531 huius
209 2468 288 2512 muudi
306 2484 397 2514 causam
420 2477 458 2516 aut
479 2486 548 2530 posse
569 2477 608 2514 aut
629 2476 738 2530 oportere
756 2486 821 2517 com-

33 2541 160 2602 prehendi,
177 2539 225 2584 hoo
242 2538 345 2597 plurimis
363 2542 435 2584 visum
452 2541 495 2584 fuit
512 2555 558 2584 non
576 2555 643 2600 pesse
661 2539 818 2586 demonstrari.

33 2614 88 2658 Non
105 2627 119 2655 a
136 2610 220 2669 priori,
249 2608 357 2666 quoniam
372 2615 464 2668 praeter
483 2610 558 2670 ipsum
581 2608 694 2655 mundum
712 2611 757 2655 alia
773 2624 819 2653 non

35 2685 93 2727 esset
110 2679 188 2723 oblata
205 2677 264 2721 ratio
282 2692 412 2736 supremam
431 2692 521 2723 causam
539 2678 652 2738 fingendi.
675 2681 728 2726 Non
745 2695 759 2721 a
776 2692 819 2737 pon

36 2747 136 2810 ster'rori,
165 2746 273 2805 qnoniam
299 2752 379 2790 natura
405 2747 484 2791 mundi
512 2747 647 2808 dignitatem
672 2748 735 2793 unius
758 2746 819 2789 illius

36 2833 119 2866 causae
135 2822 361 2873 non-assequeretur,
379 2817 486 2861 unitatem
506 2831 588 2864 causae
603 2833 648 2862 non
665 2817 741 2860 ferret.
776 2815 819 2858 At-

36 2905 83 2949 que
106 2887 167 2932 haec
191 2885 357 2947 argumentatio
379 2886 408 2930 ab
429 2885 523 2944 antiquo
543 2895 648 2947 tempore
667 2900 713 2929 non
731 2889 820 2928 tantum

38 2958 222 3021 dogmaticorum
248 2954 303 3013 fuit,
334 2954 372 3016 iqui
402 2961 439 3001 aut
462 2958 526 3019 apud
549 2958 683 3003 ‹lirulismum
700 2959 739 2999 aut
757 2953 821 3016 apud
