1732 3169
88 179 201 221 Corttentio
211 181 276 235 Jactc
289 182 346 224 inter·
361 183 450 238 logicam
465 189 486 226 ct
496 184 586 226 ethicam
599 186 753 230 necessitatem.
789 180 823 226 39

33 301 114 350 cillitas
133 301 223 349 ethicae
238 304 323 350 uirtutis
340 304 364 349 in
381 305 486 363 homine,
505 313 529 352 ut
547 307 650 356 hicnon
667 310 757 355 sublati
775 307 821 353 du-

32 372 142 419 bitatione
159 388 204 418 non
223 374 309 432 credat,
326 377 398 421 teneri
418 393 442 423 se
460 378 546 423 officio.
590 380 626 423 Ac
643 380 661 423 si
677 379 773 440 quando
788 379 820 423 ita

32 450 71 499 est,
93 443 161 489 cedat
177 445 296 491 dubitandi
314 462 382 492 causa
397 447 527 494 efficiemur
545 450 667 507 sanctitati3
685 465 820 512 persuasum

32 521 79 560 esto
97 514 197 573 homini,
224 532 304 561 verum
322 532 371 562 esse
388 518 436 563 hoc
453 518 517 577 quod
536 534 588 564 cum
605 522 722 567 sanctitate
747 522 819 572 oflicii

31 599 159 645 congruum
176 586 211 645 sit,
229 585 312 631 falsum
329 586 387 631 illud
406 587 471 646 quod
489 588 564 633 eidem
582 590 720 637 adversetur.
756 592 818 635 Nam

30 654 49 699 si
67 653 128 713 ipsas
145 670 181 700 res
199 661 299 714 spectas,
327 658 398 700 errori
414 672 487 715 aeque
505 658 604 703 obnoxia
621 675 683 704 mens
701 665 747 717 est,
770 661 817 705 sive

30 724 112 784 logicis
130 724 177 769 sive
195 724 275 769 ethicis
294 726 366 769 causis
383 726 477 771 inducta
495 726 525 771 de
539 728 564 772 iis
580 729 673 786 quaerit.
708 730 775 775 Hinc
786 731 816 775 ab

29 796 79 853 ipsit
88 792 217 839 theoretica
227 799 302 838 mente
311 794 372 840 haec
382 797 466 842 sancita
475 796 513 842 lex
523 803 562 853 est,
575 804 600 842 ut
610 797 737 846 theoretica
747 799 816 843 dubi-

30 864 84 908 tatio
101 864 125 907 in
143 862 223 909 ethicis
241 864 409 922 quaestionibus
426 881 473 910 non
486 867 559 911 minus
579 868 667 913 sublata
683 870 712 913 sit
724 884 816 930 propo-

30 935 72 978 sita
92 936 154 978 certa
171 934 303 977 necessitate
326 933 413 990 ethica,
441 951 510 994 quam
533 937 556 980 in
577 936 708 984 theoreticis
726 939 816 984 sublata

30 1009 63 1046 est
77 1001 166 1047 retracta
184 1001 304 1047 dubitandi
320 1003 414 1051 ratione.

81 1138 149 1188 Haec
170 1139 289 1202 logicae
308 1146 336 1187 et
354 1140 473 1188 ethicae
489 1140 678 1187 necessitatis
700 1156 822 1204 separa-¹

29 1212 71 1257 tio
88 1218 159 1272 atque
177 1211 275 1259 ethica
296 1212 357 1259 haec
378 1213 547 1275 logicorum
565 1214 729 1258 contemtio
751 1212 817 1256 haud

29 1283 136 1344 exiguam
153 1281 229 1328 ethice
247 1283 295 1327 veri
312 1298 341 1329 ac
358 1283 414 1330 certi
432 1283 606 1345 ambiguitatem
627 1283 703 1328 infert.
739 1282 818 1338 Quare

29 1352 180 1413 philosophia
191 1352 285 1412 quidem
299 1359 418 1413 utramque
431 1369 524 1415 prorsus
539 1353 658 1401 detrectat.
695 1350 818 1412 Praecepit

28 1423 173 1469 Hermesins:
191 1424 270 1483 siqua
287 1424 397 1470 dubitatio
416 1425 528 1471 derebus
546 1424 622 1470 ethice
640 1424 770 1469 necessariis
789 1438 817 1468 ex

28 1493 161 1541 theoreticis
185 1495 257 1541 causis
280 1501 343 1540 mota
367 1495 494 1541 theoretice
515 1495 566 1540 tolli
590 1510 636 1540 non
653 1495 736 1555 possit,
764 1509 816 1539 eam

28 1565 130 1625 practice
150 1564 341 1609 contemnendam
359 1580 418 1620 esse3
445 1580 473 1611 ac
487 1580 515 1609 ne
532 1565 647 1610 intellecti
665 1564 759 1623 quidem
777 1564 816 1608 lo-

28 1634 81 1696 gica
97 1649 174 1679 rerum
191 1634 289 1680 vanitate
310 1634 362 1679 tolli
384 1634 523 1680 intellectam
545 1633 630 1680 'harum
656 1635 815 1680 necessitatem

29 1703 139 1750 ethicama
171 1703 268 1748 Minime
282 1720 350 1760 vero,
374 1706 393 1749 si
410 1720 470 1763 quae
486 1704 638 1749 humanarum
655 1720 733 1749 rerum
754 1704 814 1748 invi-

28 1790 79 1821 cem
99 1789 203 1835 pugnare
220 1774 337 1832 videntur,
355 1775 406 1818 satis
419 1780 459 1830 est,
478 1774 610 1834 simpliciter
627 1774 758 1835 appellasse
776 1780 815 1817 aut

26 1845 135 1889 unitatem
150 1843 231 1888 mentis
248 1845 286 1889 vel
299 1843 442 1889 theoreticae
458 1844 496 1889 rel
513 1845 643 1904 practicae,
672 1849 711 1888 aut
728 1843 816 1904 princi-

27 1920 107 1973 patum
124 1915 253 1974 practicae,
281 1929 340 1973 quae
357 1929 398 1959 suo
416 1914 519 1972 quodam
536 1913 621 1959 robore
635 1913 816 1960 imbecillitatem

28 1984 168 2030 theoreticae
185 1989 276 2043 superet
293 1999 321 2029 ac
336 1990 477 2044 compenset,
497 1984 558 2045 ¹Vel
573 1983 663 2030 ethicae
682 1983 813 2029 eruditionis

27 2052 148 2098 hominum
170 2053 316 2114 neglectione
340 2055 378 2097 vel
397 2054 470 2114 logici
488 2058 511 2097 et
528 2053 600 2098 ethici
623 2054 696 2099 cultus
720 2066 813 2110 separa-

27 2122 90 2167 tione
106 2123 193 2167 factum
212 2128 257 2181 est,
276 2128 302 2167 ut
319 2122 396 2167 ethica
412 2139 449 2168 res
466 2137 631 2182 saepenumero
649 2121 767 2168 commissa
785 2119 814 2163 sit

28 2197 66 2235 aut
86 2191 160 2237 sensui
180 2191 258 2238 ethico
276 2191 368 2237 cuidam
386 2194 438 2237 satis
456 2192 509 2236 rudi
527 2198 566 2236 aut
583 2191 674 2252 logicae
691 2188 813 2243 eruditioni

28 2261 224 2322 satis'ambiguae.
267 2261 398 2307 Hermesius
420 2261 500 2307 maluit
522 2260 583 2306 hanc
600 2259 726 2306 consectari
743 2272 814 2316 quam

28 2331 51 2372 in
65 2329 108 2373 illo
123 2328 227 2374 haerere.
262 2331 349 2375 Verum
366 2332 502 2376 tristissimus
515 2330 558 2375 fuit
573 2331 644 2374 exitus
659 2328 752 2388 logicae
763 2327 814 2379 eius

28 2397 174 2460 theologiae,
191 2400 215 2443 in
233 2414 279 2458 qua
297 2400 430 2462 effingendis
446 2404 533 2445 tantum
553 2399 656 2443 laborem
669 2402 814 2455 consumtum

29 2470 137 2516 videmus.
172 2469 295 2530 Praecepit
309 2471 368 2515 enim
386 2471 439 2526 ille,
457 2485 531 2529 aequo
549 2471 625 2514 ariimo
644 2468 766 2515 ferendum
784 2469 814 2514 ab

28 2540 122 2586 homine
140 2554 201 2598 esse,
228 2539 246 2584 si
263 2539 356 2601 viderit,
383 2541 449 2601 quod
471 2542 494 2585 in
517 2540 654 2600 quibusdam
675 2540 746 2587 rebus
767 2554 814 2585 non

28 2613 98 2673 possit
114 2625 178 2656 secus
196 2625 252 2667 esse,
269 2624 316 2656 non
333 2612 407 2657 solum
422 2611 521 2657 divinam
537 2616 559 2656 et
576 2611 703 2658 humanam
714 2616 813 2658 mentem

28 2683 85 2728 inter
102 2696 127 2726 se
144 2680 274 2737 dissentire,
295 2696 375 2727 rerum
391 2683 459 2728 etiam
475 2681 601 2727 humanam
618 2689 719 2730 mentem
736 2693 812 2726 secum

29 2752 78 2813 ipsi
101 2766 213 2813 pugnare.
258 2752 304 2795 Par
325 2766 381 2796 vero
402 2757 451 2797 erat
472 2752 576 2813 praecipi
597 2753 647 2801 hoc
664 2755 713 2799 fere
729 2748 812 2796 modo:

29 2823 115 2869 Ethica
131 2836 208 2868 rerum
225 2822 356 2879 necessitas,
373 2821 486 2881 siquidem
504 2827 537 2868 est
555 2829 604 2870 tum
623 2841 636 2870 a
654 2827 728 2869 mente
745 2817 813 2862 intel-

30 2893 90 2938 lecta
106 2899 157 2939 tum
173 2906 228 2937 vero
245 2892 313 2937 etiam
330 2907 372 2936 usu
389 2892 449 2937 vitae
469 2895 575 2956 cognita,
602 2899 690 2939 totam
713 2888 812 2934 hominis

30 2969 133 3010 naturam
156 2962 356 3024 conditionemque
374 2964 397 3010 ri
415 2965 455 3010 suti
479 2965 645 3028 complectitur.
683 2959 745 3005 Hinc
763 2960 814 3021 ipsa
