<?xml version="1.0" encoding="UTF-8"?>
<!DOCTYPE html PUBLIC "-//W3C//DTD XHTML 1.0 Transitional//EN"
    "http://www.w3.org/TR/xhtml1/DTD/xhtml1-transitional.dtd">
<html xmlns="http://www.w3.org/1999/xhtml" xml:lang="en" lang="en">
 <head>
  <title>
</title>
<meta http-equiv="Content-Type" content="text/html;charset=utf-8" />
  <meta name='ocr-system' content='tesseract 3.04.00' />
  <meta name='ocr-capabilities' content='ocr_page ocr_carea ocr_par ocr_line ocrx_word'/>
</head>
<body>
  <div class='ocr_page' id='page_1' title='image "MN5160ucmf_1_0051.png"; bbox 0 0 1732 3169; ppageno 0'>
   <div class='ocr_carea' id='block_1_1' title="bbox 144 185 815 254">
    <p class='ocr_par' dir='ltr' id='par_1_1' title="bbox 144 185 815 254">
     <span class='ocr_line' id='line_1_1' title="bbox 144 185 815 254; baseline -0.009 -15"><span class='ocrx_word' id='word_1_1' title='bbox 144 197 193 240; x_wconf 85' lang='lat' dir='ltr'><strong>Nec</strong></span> <span class='ocrx_word' id='word_1_2' title='bbox 207 198 297 254; x_wconf 74' lang='lat' dir='ltr'><strong>stnrpten</strong></span> <span class='ocrx_word' id='word_1_3' title='bbox 312 197 390 239; x_wconf 83' lang='lat' dir='ltr'><strong>mentis</strong></span> <span class='ocrx_word' id='word_1_4' title='bbox 403 196 531 239; x_wconf 67' lang='lat' dir='ltr'><strong>consociatio</strong></span> <span class='ocrx_word' id='word_1_5' title='bbox 539 197 572 238; x_wconf 84' lang='lat' dir='ltr'><strong>sut</strong></span> <span class='ocrx_word' id='word_1_6' title='bbox 582 199 615 237; x_wconf 81' lang='lat' dir='ltr'><strong>est</strong></span> <span class='ocrx_word' id='word_1_7' title='bbox 624 193 708 237; x_wconf 78' lang='lat' dir='ltr'><strong>idonea.</strong></span> <span class='ocrx_word' id='word_1_8' title='bbox 779 185 815 234; x_wconf 69' lang='grc'><strong>21</strong></span> 
     </span>
    </p>
   </div>
   <div class='ocr_carea' id='block_1_2' title="bbox 26 316 816 2689">
    <p class='ocr_par' dir='ltr' id='par_1_2' title="bbox 28 316 816 1576">
     <span class='ocr_line' id='line_1_2' title="bbox 31 316 816 383; baseline -0.01 -13"><span class='ocrx_word' id='word_1_9' title='bbox 31 323 130 383; x_wconf 80' lang='lat' dir='ltr'>aliquam</span> <span class='ocrx_word' id='word_1_10' title='bbox 147 320 182 366; x_wconf 92' lang='lat' dir='ltr'><strong>rei</strong></span> <span class='ocrx_word' id='word_1_11' title='bbox 205 320 322 380; x_wconf 87' lang='lat' dir='ltr'><strong>cuiusque.</strong></span> <span class='ocrx_word' id='word_1_12' title='bbox 356 320 425 367; x_wconf 92' lang='lat' dir='ltr'><strong>Hanc</strong></span> <span class='ocrx_word' id='word_1_13' title='bbox 446 321 527 367; x_wconf 89' lang='lat' dir='ltr'><strong>mentis</strong></span> <span class='ocrx_word' id='word_1_14' title='bbox 544 326 647 368; x_wconf 88' lang='lat' dir='ltr'><strong>naturam</strong></span> <span class='ocrx_word' id='word_1_15' title='bbox 663 317 744 381; x_wconf 90' lang='lat' dir='ltr'><strong>prodit</strong></span> <span class='ocrx_word' id='word_1_16' title='bbox 761 316 816 378; x_wconf 87' lang='lat' dir='ltr'><strong>qui-</strong></span> 
     </span>
     <span class='ocr_line' id='line_1_3' title="bbox 31 391 815 453; baseline -0.008 -13"><span class='ocrx_word' id='word_1_17' title='bbox 31 396 84 440; x_wconf 91' lang='lat' dir='ltr'><strong>dem</strong></span> <span class='ocrx_word' id='word_1_18' title='bbox 101 391 233 437; x_wconf 87' lang='lat' dir='ltr'><strong>immediata</strong></span> <span class='ocrx_word' id='word_1_19' title='bbox 250 392 330 437; x_wconf 88' lang='lat' dir='ltr'><strong>mentis</strong></span> <span class='ocrx_word' id='word_1_20' title='bbox 348 393 486 438; x_wconf 89' lang='lat' dir='ltr'><strong>conscientia</strong></span> <span class='ocrx_word' id='word_1_21' title='bbox 502 391 543 439; x_wconf 91' lang='lat' dir='ltr'><strong>sui.</strong></span> <span class='ocrx_word' id='word_1_22' title='bbox 577 392 719 453; x_wconf 78' lang='lat' dir='ltr'><strong>Simpliciter</strong></span> <span class='ocrx_word' id='word_1_23' title='bbox 737 394 815 435; x_wconf 89' lang='lat' dir='ltr'><strong>autem</strong></span> 
     </span>
     <span class='ocr_line' id='line_1_4' title="bbox 30 461 814 523; baseline -0.008 -13"><span class='ocrx_word' id='word_1_24' title='bbox 30 465 85 510; x_wconf 87' lang='lat' dir='ltr'><strong>huic</strong></span> <span class='ocrx_word' id='word_1_25' title='bbox 101 461 224 523; x_wconf 79' lang='lat' dir='ltr'><strong>suffragari</strong></span> <span class='ocrx_word' id='word_1_26' title='bbox 242 463 305 507; x_wconf 88' lang='lat' dir='ltr'><strong>nefas</strong></span> <span class='ocrx_word' id='word_1_27' title='bbox 324 468 362 507; x_wconf 88' lang='lat' dir='ltr'><strong>est.</strong></span> <span class='ocrx_word' id='word_1_28' title='bbox 398 462 476 519; x_wconf 88' lang='lat' dir='ltr'><strong>Male,</strong></span> <span class='ocrx_word' id='word_1_29' title='bbox 503 462 544 522; x_wconf 90' lang='lat' dir='ltr'><strong>qui</strong></span> <span class='ocrx_word' id='word_1_30' title='bbox 562 477 576 506; x_wconf 91' lang='lat' dir='ltr'><strong>a</strong></span> <span class='ocrx_word' id='word_1_31' title='bbox 598 463 703 508; x_wconf 89' lang='lat' dir='ltr'><strong>realismo</strong></span> <span class='ocrx_word' id='word_1_32' title='bbox 727 475 814 506; x_wconf 92' lang='lat' dir='ltr'><strong>nomen</strong></span> 
     </span>
     <span class='ocr_line' id='line_1_5' title="bbox 30 531 814 592; baseline -0.006 -11"><span class='ocrx_word' id='word_1_33' title='bbox 30 533 90 581; x_wconf 89' lang='lat' dir='ltr'><strong>nacti</strong></span> <span class='ocrx_word' id='word_1_34' title='bbox 108 537 170 590; x_wconf 90' lang='lat' dir='ltr'><strong>sunt,</strong></span> <span class='ocrx_word' id='word_1_35' title='bbox 192 531 265 592; x_wconf 83' lang='lat' dir='ltr'><strong>ipsam</strong></span> <span class='ocrx_word' id='word_1_36' title='bbox 287 532 443 577; x_wconf 85' lang='lat' dir='ltr'><strong>immediatam</strong></span> <span class='ocrx_word' id='word_1_37' title='bbox 466 532 626 579; x_wconf 80' lang='lat' dir='ltr'><strong>conscientiam</strong></span> <span class='ocrx_word' id='word_1_38' title='bbox 644 549 672 580; x_wconf 89' lang='lat' dir='ltr'><strong>ac</strong></span> <span class='ocrx_word' id='word_1_39' title='bbox 688 531 814 578; x_wconf 88' lang='lat' dir='ltr'><strong>necessita-</strong></span> 
     </span>
     <span class='ocr_line' id='line_1_6' title="bbox 30 601 814 663; baseline -0.005 -12"><span class='ocrx_word' id='word_1_40' title='bbox 30 612 77 651; x_wconf 89' lang='lat' dir='ltr'><strong>tem</strong></span> <span class='ocrx_word' id='word_1_41' title='bbox 91 603 221 649; x_wconf 88' lang='lat' dir='ltr'><strong>habuerunt</strong></span> <span class='ocrx_word' id='word_1_42' title='bbox 238 617 283 662; x_wconf 93' lang='lat' dir='ltr'><strong>pro</strong></span> <span class='ocrx_word' id='word_1_43' title='bbox 300 602 415 663; x_wconf 88' lang='lat' dir='ltr'><strong>principio</strong></span> <span class='ocrx_word' id='word_1_44' title='bbox 430 603 485 648; x_wconf 87' lang='lat' dir='ltr'><strong>veri.</strong></span> <span class='ocrx_word' id='word_1_45' title='bbox 509 601 667 663; x_wconf 81' lang='lat' dir='ltr'><strong>Hypothetica</strong></span> <span class='ocrx_word' id='word_1_46' title='bbox 684 609 718 648; x_wconf 90' lang='lat' dir='ltr'><strong>est</strong></span> <span class='ocrx_word' id='word_1_47' title='bbox 730 607 814 648; x_wconf 89' lang='lat' dir='ltr'><strong>ancto-</strong></span> 
     </span>
     <span class='ocr_line' id='line_1_7' title="bbox 30 671 814 732; baseline -0.005 -12"><span class='ocrx_word' id='word_1_48' title='bbox 30 675 83 721; x_wconf 83' lang='lat' dir='ltr'><strong>ritas</strong></span> <span class='ocrx_word' id='word_1_49' title='bbox 97 675 151 720; x_wconf 86' lang='lat' dir='ltr'><strong>eius.</strong></span> <span class='ocrx_word' id='word_1_50' title='bbox 187 672 259 729; x_wconf 80' lang='lat' dir='ltr'><strong>Quod</strong></span> <span class='ocrx_word' id='word_1_51' title='bbox 276 672 321 718; x_wconf 85' lang='lat' dir='ltr'><strong>fert</strong></span> <span class='ocrx_word' id='word_1_52' title='bbox 335 673 473 718; x_wconf 86' lang='lat' dir='ltr'><strong>conscientia</strong></span> <span class='ocrx_word' id='word_1_53' title='bbox 487 671 552 718; x_wconf 92' lang='lat' dir='ltr'><strong>nullo</strong></span> <span class='ocrx_word' id='word_1_54' title='bbox 570 673 633 732; x_wconf 85' lang='lat' dir='ltr'><strong>quasi</strong></span> <span class='ocrx_word' id='word_1_55' title='bbox 648 673 725 718; x_wconf 90' lang='lat' dir='ltr'><strong>medio</strong></span> <span class='ocrx_word' id='word_1_56' title='bbox 741 672 814 717; x_wconf 90' lang='lat' dir='ltr'><strong>inter-</strong></span> 
     </span>
     <span class='ocr_line' id='line_1_8' title="bbox 30 742 815 804; baseline -0.004 -14"><span class='ocrx_word' id='word_1_57' title='bbox 30 745 104 800; x_wconf 91' lang='lat' dir='ltr'><strong>iecto,</strong></span> <span class='ocrx_word' id='word_1_58' title='bbox 124 743 149 788; x_wconf 93' lang='lat' dir='ltr'><strong>id</strong></span> <span class='ocrx_word' id='word_1_59' title='bbox 167 743 367 804; x_wconf 89' lang='lat' dir='ltr'><strong>comprobandum</strong></span> <span class='ocrx_word' id='word_1_60' title='bbox 387 749 420 788; x_wconf 86' lang='lat' dir='ltr'><strong>est</strong></span> <span class='ocrx_word' id='word_1_61' title='bbox 436 743 554 788; x_wconf 88' lang='lat' dir='ltr'><strong>interiecto</strong></span> <span class='ocrx_word' id='word_1_62' title='bbox 571 744 655 803; x_wconf 87' lang='lat' dir='ltr'><strong>aliquo.</strong></span> <span class='ocrx_word' id='word_1_63' title='bbox 688 743 749 789; x_wconf 86' lang='lat' dir='ltr'><strong>Dico</strong></span> <span class='ocrx_word' id='word_1_64' title='bbox 766 742 815 788; x_wconf 86' lang='lat' dir='ltr'><strong>vim</strong></span> 
     </span>
     <span class='ocr_line' id='line_1_9' title="bbox 29 813 812 874; baseline -0.004 -13"><span class='ocrx_word' id='word_1_65' title='bbox 29 814 110 861; x_wconf 89' lang='lat' dir='ltr'><strong>mentis</strong></span> <span class='ocrx_word' id='word_1_66' title='bbox 137 813 168 859; x_wconf 90' lang='lat' dir='ltr'><strong>ad</strong></span> <span class='ocrx_word' id='word_1_67' title='bbox 195 814 372 858; x_wconf 88' lang='lat' dir='ltr'><strong>examinandum</strong></span> <span class='ocrx_word' id='word_1_68' title='bbox 398 813 458 858; x_wconf 92' lang='lat' dir='ltr'><strong>illud</strong></span> <span class='ocrx_word' id='word_1_69' title='bbox 485 813 584 859; x_wconf 82' lang='lat' dir='ltr'><strong>reflexae</strong></span> <span class='ocrx_word' id='word_1_70' title='bbox 614 814 812 874; x_wconf 82' lang='lat' dir='ltr'><strong>comprobantem.</strong></span> 
     </span>
     <span class='ocr_line' id='line_1_10' title="bbox 29 883 811 944; baseline -0.003 -14"><span class='ocrx_word' id='word_1_71' title='bbox 29 884 143 941; x_wconf 85' lang='lat' dir='ltr'><strong>Vicissim,</strong></span> <span class='ocrx_word' id='word_1_72' title='bbox 169 883 209 943; x_wconf 92' lang='lat' dir='ltr'><strong>qui</strong></span> <span class='ocrx_word' id='word_1_73' title='bbox 230 885 292 929; x_wconf 94' lang='lat' dir='ltr'><strong>velut</strong></span> <span class='ocrx_word' id='word_1_74' title='bbox 314 883 402 929; x_wconf 90' lang='lat' dir='ltr'><strong>Kantus</strong></span> <span class='ocrx_word' id='word_1_75' title='bbox 419 883 574 944; x_wconf 85' lang='lat' dir='ltr'><strong>Fichtiusqne</strong></span> <span class='ocrx_word' id='word_1_76' title='bbox 593 883 712 930; x_wconf 88' lang='lat' dir='ltr'><strong>idealismo</strong></span> <span class='ocrx_word' id='word_1_77' title='bbox 737 883 811 928; x_wconf 91' lang='lat' dir='ltr'><strong>dediti</strong></span> 
     </span>
     <span class='ocr_line' id='line_1_11' title="bbox 30 953 814 1010; baseline -0.001 -11"><span class='ocrx_word' id='word_1_78' title='bbox 30 959 105 1009; x_wconf 90' lang='lat' dir='ltr'><strong>erant,</strong></span> <span class='ocrx_word' id='word_1_79' title='bbox 127 958 213 999; x_wconf 89' lang='lat' dir='ltr'><strong>temere</strong></span> <span class='ocrx_word' id='word_1_80' title='bbox 231 954 332 999; x_wconf 84' lang='lat' dir='ltr'><strong>arbitrati</strong></span> <span class='ocrx_word' id='word_1_81' title='bbox 349 960 406 1010; x_wconf 88' lang='lat' dir='ltr'><strong>sunt,</strong></span> <span class='ocrx_word' id='word_1_82' title='bbox 428 954 561 1000; x_wconf 78' lang='lat' dir='ltr'><strong>immediatal</strong></span> <span class='ocrx_word' id='word_1_83' title='bbox 577 953 676 999; x_wconf 89' lang='lat' dir='ltr'><strong>hominis</strong></span> <span class='ocrx_word' id='word_1_84' title='bbox 693 953 814 1001; x_wconf 88' lang='lat' dir='ltr'><strong>eonscien-</strong></span> 
     </span>
     <span class='ocr_line' id='line_1_12' title="bbox 29 1021 814 1086; baseline 0.003 -19"><span class='ocrx_word' id='word_1_85' title='bbox 29 1021 60 1068; x_wconf 75' lang='lat' dir='ltr'><strong>rit</strong></span> <span class='ocrx_word' id='word_1_86' title='bbox 80 1023 115 1068; x_wconf 89' lang='lat' dir='ltr'><strong>sni</strong></span> <span class='ocrx_word' id='word_1_87' title='bbox 136 1024 193 1070; x_wconf 91' lang='lat' dir='ltr'><strong>nibil</strong></span> <span class='ocrx_word' id='word_1_88' title='bbox 215 1030 308 1085; x_wconf 88' lang='lat' dir='ltr'><strong>praeter</strong></span> <span class='ocrx_word' id='word_1_89' title='bbox 330 1024 448 1086; x_wconf 85' lang='lat' dir='ltr'><strong>cogitandi</strong></span> <span class='ocrx_word' id='word_1_90' title='bbox 470 1025 567 1071; x_wconf 89' lang='lat' dir='ltr'><strong>modum</strong></span> <span class='ocrx_word' id='word_1_91' title='bbox 585 1024 713 1084; x_wconf 82' lang='lat' dir='ltr'><strong>quendam,</strong></span> <span class='ocrx_word' id='word_1_92' title='bbox 743 1029 814 1084; x_wconf 90' lang='lat' dir='ltr'><strong>atque</strong></span> 
     </span>
     <span class='ocr_line' id='line_1_13' title="bbox 29 1093 813 1157; baseline 0.001 -20"><span class='ocrx_word' id='word_1_93' title='bbox 29 1093 162 1139; x_wconf 67' lang='lat' dir='ltr'><strong>immediata</strong></span> <span class='ocrx_word' id='word_1_94' title='bbox 178 1094 311 1142; x_wconf 85' lang='lat' dir='ltr'><strong>necessitate</strong></span> <span class='ocrx_word' id='word_1_95' title='bbox 328 1110 374 1140; x_wconf 91' lang='lat' dir='ltr'><strong>non</strong></span> <span class='ocrx_word' id='word_1_96' title='bbox 397 1095 465 1140; x_wconf 85' lang='lat' dir='ltr'><strong>aliam</strong></span> <span class='ocrx_word' id='word_1_97' title='bbox 487 1101 579 1156; x_wconf 87' lang='lat' dir='ltr'><strong>praeter</strong></span> <span class='ocrx_word' id='word_1_98' title='bbox 595 1095 715 1157; x_wconf 82' lang='lat' dir='ltr'><strong>cogitandi</strong></span> <span class='ocrx_word' id='word_1_99' title='bbox 732 1109 813 1139; x_wconf 90' lang='lat' dir='ltr'><strong>neces-</strong></span> 
     </span>
     <span class='ocr_line' id='line_1_14' title="bbox 29 1163 814 1226; baseline 0.003 -20"><span class='ocrx_word' id='word_1_100' title='bbox 29 1163 117 1208; x_wconf 90' lang='lat' dir='ltr'><strong>sitatem</strong></span> <span class='ocrx_word' id='word_1_101' title='bbox 135 1165 265 1226; x_wconf 85' lang='lat' dir='ltr'><strong>significari.</strong></span> <span class='ocrx_word' id='word_1_102' title='bbox 300 1165 404 1211; x_wconf 84' lang='lat' dir='ltr'><strong>Discerni</strong></span> <span class='ocrx_word' id='word_1_103' title='bbox 421 1165 456 1209; x_wconf 83' lang='lat' dir='ltr'><strong>fas</strong></span> <span class='ocrx_word' id='word_1_104' title='bbox 474 1171 522 1210; x_wconf 92' lang='lat' dir='ltr'><strong>erat</strong></span> <span class='ocrx_word' id='word_1_105' title='bbox 539 1165 681 1210; x_wconf 88' lang='lat' dir='ltr'><strong>intellectum</strong></span> <span class='ocrx_word' id='word_1_106' title='bbox 703 1170 725 1209; x_wconf 90' lang='lat' dir='ltr'><strong>et</strong></span> <span class='ocrx_word' id='word_1_107' title='bbox 745 1179 814 1208; x_wconf 91' lang='lat' dir='ltr'><strong>men-</strong></span> 
     </span>
     <span class='ocr_line' id='line_1_15' title="bbox 28 1232 816 1297; baseline 0.001 -20"><span class='ocrx_word' id='word_1_108' title='bbox 28 1237 88 1291; x_wconf 83' lang='lat' dir='ltr'><strong>tem,</strong></span> <span class='ocrx_word' id='word_1_109' title='bbox 109 1235 271 1295; x_wconf 85' lang='lat' dir='ltr'><strong>cogitationem</strong></span> <span class='ocrx_word' id='word_1_110' title='bbox 290 1241 313 1281; x_wconf 89' lang='lat' dir='ltr'><strong>et</strong></span> <span class='ocrx_word' id='word_1_111' title='bbox 333 1235 526 1297; x_wconf 82' lang='lat' dir='ltr'><strong>perspicientiam.</strong></span> <span class='ocrx_word' id='word_1_112' title='bbox 559 1234 692 1280; x_wconf 84' lang='lat' dir='ltr'><strong>Intellectus</strong></span> <span class='ocrx_word' id='word_1_113' title='bbox 719 1232 816 1293; x_wconf 90' lang='lat' dir='ltr'><strong>quidem</strong></span> 
     </span>
     <span class='ocr_line' id='line_1_16' title="bbox 29 1303 815 1366; baseline 0 -19"><span class='ocrx_word' id='word_1_114' title='bbox 29 1317 75 1347; x_wconf 93' lang='lat' dir='ltr'><strong>non</strong></span> <span class='ocrx_word' id='word_1_115' title='bbox 91 1309 165 1363; x_wconf 90' lang='lat' dir='ltr'><strong>potest</strong></span> <span class='ocrx_word' id='word_1_116' title='bbox 181 1305 223 1350; x_wconf 87' lang='lat' dir='ltr'><strong>nisi</strong></span> <span class='ocrx_word' id='word_1_117' title='bbox 241 1305 351 1366; x_wconf 84' lang='lat' dir='ltr'><strong>cogitare,</strong></span> <span class='ocrx_word' id='word_1_118' title='bbox 369 1304 393 1351; x_wconf 92' lang='lat' dir='ltr'><strong>h.</strong></span> <span class='ocrx_word' id='word_1_119' title='bbox 403 1321 422 1351; x_wconf 94' lang='lat' dir='ltr'><strong>e.</strong></span> <span class='ocrx_word' id='word_1_120' title='bbox 432 1306 562 1351; x_wconf 90' lang='lat' dir='ltr'><strong>notionibus</strong></span> <span class='ocrx_word' id='word_1_121' title='bbox 572 1303 774 1365; x_wconf 89' lang='lat' dir='ltr'><strong>comprehendere</strong></span> <span class='ocrx_word' id='word_1_122' title='bbox 781 1303 815 1360; x_wconf 91' lang='lat' dir='ltr'><strong>id,</strong></span> 
     </span>
     <span class='ocr_line' id='line_1_17' title="bbox 29 1372 814 1436; baseline 0.001 -20"><span class='ocrx_word' id='word_1_123' title='bbox 29 1372 93 1430; x_wconf 91' lang='lat' dir='ltr'><strong>quod</strong></span> <span class='ocrx_word' id='word_1_124' title='bbox 113 1376 249 1419; x_wconf 86' lang='lat' dir='ltr'><strong>conscientia</strong></span> <span class='ocrx_word' id='word_1_125' title='bbox 265 1375 426 1436; x_wconf 87' lang='lat' dir='ltr'><strong>suppeditavit.</strong></span> <span class='ocrx_word' id='word_1_126' title='bbox 452 1374 521 1421; x_wconf 88' lang='lat' dir='ltr'><strong>Mens</strong></span> <span class='ocrx_word' id='word_1_127' title='bbox 536 1390 599 1434; x_wconf 82' lang='lat' dir='ltr'><strong>vero,</strong></span> <span class='ocrx_word' id='word_1_128' title='bbox 615 1375 646 1420; x_wconf 92' lang='lat' dir='ltr'><strong>ad</strong></span> <span class='ocrx_word' id='word_1_129' title='bbox 661 1374 709 1420; x_wconf 91' lang='lat' dir='ltr'><strong>boc</strong></span> <span class='ocrx_word' id='word_1_130' title='bbox 721 1373 814 1428; x_wconf 88' lang='lat' dir='ltr'><strong>reflexa,</strong></span> 
     </span>
     <span class='ocr_line' id='line_1_18' title="bbox 28 1442 814 1506; baseline 0.004 -21"><span class='ocrx_word' id='word_1_131' title='bbox 28 1448 104 1501; x_wconf 90' lang='lat' dir='ltr'><strong>potest</strong></span> <span class='ocrx_word' id='word_1_132' title='bbox 118 1442 166 1491; x_wconf 91' lang='lat' dir='ltr'><strong>hoc</strong></span> <span class='ocrx_word' id='word_1_133' title='bbox 177 1445 245 1489; x_wconf 91' lang='lat' dir='ltr'><strong>etiam</strong></span> <span class='ocrx_word' id='word_1_134' title='bbox 257 1461 336 1490; x_wconf 88' lang='lat' dir='ltr'><strong>verum</strong></span> <span class='ocrx_word' id='word_1_135' title='bbox 351 1445 451 1502; x_wconf 87' lang='lat' dir='ltr'><strong>habere,</strong></span> <span class='ocrx_word' id='word_1_136' title='bbox 478 1447 497 1491; x_wconf 93' lang='lat' dir='ltr'><strong>si</strong></span> <span class='ocrx_word' id='word_1_137' title='bbox 512 1445 606 1506; x_wconf 89' lang='lat' dir='ltr'><strong>quidem</strong></span> <span class='ocrx_word' id='word_1_138' title='bbox 622 1460 714 1492; x_wconf 82' lang='lat' dir='ltr'><strong>causam</strong></span> <span class='ocrx_word' id='word_1_139' title='bbox 727 1444 814 1490; x_wconf 87' lang='lat' dir='ltr'><strong>invenit</strong></span> 
     </span>
     <span class='ocr_line' id='line_1_19' title="bbox 28 1512 508 1576; baseline 0.006 -21"><span class='ocrx_word' id='word_1_140' title='bbox 28 1513 155 1558; x_wconf 89' lang='lat' dir='ltr'><strong>necessario</strong></span> <span class='ocrx_word' id='word_1_141' title='bbox 172 1513 295 1573; x_wconf 82' lang='lat' dir='ltr'><strong>iudicandi,</strong></span> <span class='ocrx_word' id='word_1_142' title='bbox 312 1514 337 1559; x_wconf 90' lang='lat' dir='ltr'><strong>id</strong></span> <span class='ocrx_word' id='word_1_143' title='bbox 352 1531 406 1561; x_wconf 90' lang='lat' dir='ltr'><strong>vere</strong></span> <span class='ocrx_word' id='word_1_144' title='bbox 424 1512 508 1576; x_wconf 70' lang='lat' dir='ltr'><strong>esselj.</strong></span> 
     </span>
    </p>

    <p class='ocr_par' dir='ltr' id='par_1_3' title="bbox 26 1581 815 2689">
     <span class='ocr_line' id='line_1_20' title="bbox 81 1581 813 1642; baseline 0 -16"><span class='ocrx_word' id='word_1_145' title='bbox 81 1581 130 1627; x_wconf 87' lang='lat' dir='ltr'><strong>Sed</strong></span> <span class='ocrx_word' id='word_1_146' title='bbox 140 1582 199 1628; x_wconf 88' lang='lat' dir='ltr'><strong>haec</strong></span> <span class='ocrx_word' id='word_1_147' title='bbox 208 1583 317 1642; x_wconf 76' lang='lat' dir='ltr'><strong>quaestio,</strong></span> <span class='ocrx_word' id='word_1_148' title='bbox 333 1600 393 1642; x_wconf 89' lang='lat' dir='ltr'><strong>quae</strong></span> <span class='ocrx_word' id='word_1_149' title='bbox 403 1584 434 1629; x_wconf 92' lang='lat' dir='ltr'><strong>de</strong></span> <span class='ocrx_word' id='word_1_150' title='bbox 451 1585 558 1629; x_wconf 84' lang='lat' dir='ltr'><strong>realismo</strong></span> <span class='ocrx_word' id='word_1_151' title='bbox 574 1588 598 1628; x_wconf 89' lang='lat' dir='ltr'><strong>et</strong></span> <span class='ocrx_word' id='word_1_152' title='bbox 614 1582 734 1629; x_wconf 86' lang='lat' dir='ltr'><strong>idealismc</strong></span> <span class='ocrx_word' id='word_1_153' title='bbox 748 1586 813 1627; x_wconf 92' lang='lat' dir='ltr'><strong>mota</strong></span> 
     </span>
     <span class='ocr_line' id='line_1_21' title="bbox 30 1650 813 1713; baseline 0.006 -21"><span class='ocrx_word' id='word_1_154' title='bbox 30 1650 82 1693; x_wconf 87' lang='lat' dir='ltr'><strong>satis</strong></span> <span class='ocrx_word' id='word_1_155' title='bbox 99 1650 146 1695; x_wconf 92' lang='lat' dir='ltr'><strong>late</strong></span> <span class='ocrx_word' id='word_1_156' title='bbox 158 1657 235 1710; x_wconf 90' lang='lat' dir='ltr'><strong>patet,</strong></span> <span class='ocrx_word' id='word_1_157' title='bbox 256 1651 321 1696; x_wconf 90' lang='lat' dir='ltr'><strong>haud</strong></span> <span class='ocrx_word' id='word_1_158' title='bbox 338 1652 424 1713; x_wconf 71' lang='lat' dir='ltr'><strong>magnai</strong></span> <span class='ocrx_word' id='word_1_159' title='bbox 441 1667 495 1698; x_wconf 92' lang='lat' dir='ltr'><strong>cum</strong></span> <span class='ocrx_word' id='word_1_160' title='bbox 513 1652 638 1698; x_wconf 88' lang='lat' dir='ltr'><strong>subtilitate</strong></span> <span class='ocrx_word' id='word_1_161' title='bbox 660 1653 690 1697; x_wconf 94' lang='lat' dir='ltr'><strong>ab</strong></span> <span class='ocrx_word' id='word_1_162' title='bbox 710 1652 813 1697; x_wconf 92' lang='lat' dir='ltr'><strong>Herme-</strong></span> 
     </span>
     <span class='ocr_line' id='line_1_22' title="bbox 28 1717 814 1781; baseline 0.008 -21"><span class='ocrx_word' id='word_1_163' title='bbox 28 1717 62 1761; x_wconf 88' lang='lat' dir='ltr'><strong>sio</strong></span> <span class='ocrx_word' id='word_1_164' title='bbox 84 1722 178 1764; x_wconf 88' lang='lat' dir='ltr'><strong>tractata</strong></span> <span class='ocrx_word' id='word_1_165' title='bbox 196 1726 240 1776; x_wconf 91' lang='lat' dir='ltr'><strong>est,</strong></span> <span class='ocrx_word' id='word_1_166' title='bbox 263 1727 332 1779; x_wconf 88' lang='lat' dir='ltr'><strong>atque</strong></span> <span class='ocrx_word' id='word_1_167' title='bbox 350 1736 402 1767; x_wconf 89' lang='lat' dir='ltr'><strong>cum</strong></span> <span class='ocrx_word' id='word_1_168' title='bbox 421 1736 449 1767; x_wconf 84' lang='lat' dir='ltr'><strong>eo</strong></span> <span class='ocrx_word' id='word_1_169' title='bbox 467 1723 529 1779; x_wconf 90' lang='lat' dir='ltr'><strong>loco,</strong></span> <span class='ocrx_word' id='word_1_170' title='bbox 546 1723 569 1767; x_wconf 93' lang='lat' dir='ltr'><strong>in</strong></span> <span class='ocrx_word' id='word_1_171' title='bbox 584 1737 631 1781; x_wconf 90' lang='lat' dir='ltr'><strong>quo</strong></span> <span class='ocrx_word' id='word_1_172' title='bbox 646 1721 686 1767; x_wconf 92' lang='lat' dir='ltr'><strong>hic</strong></span> <span class='ocrx_word' id='word_1_173' title='bbox 705 1721 736 1766; x_wconf 93' lang='lat' dir='ltr'><strong>de</strong></span> <span class='ocrx_word' id='word_1_174' title='bbox 755 1736 814 1781; x_wconf 88' lang='lat' dir='ltr'><strong>pro-</strong></span> 
     </span>
     <span class='ocr_line' id='line_1_23' title="bbox 28 1786 814 1853; baseline 0.009 -23"><span class='ocrx_word' id='word_1_175' title='bbox 28 1786 82 1832; x_wconf 76' lang='lat' dir='ltr'><strong>hate</strong></span> <span class='ocrx_word' id='word_1_176' title='bbox 100 1788 142 1833; x_wconf 90' lang='lat' dir='ltr'><strong>sibi</strong></span> <span class='ocrx_word' id='word_1_177' title='bbox 164 1790 251 1835; x_wconf 89' lang='lat' dir='ltr'><strong>ratione</strong></span> <span class='ocrx_word' id='word_1_178' title='bbox 268 1791 410 1853; x_wconf 81' lang='lat' dir='ltr'><strong>suffragandi</strong></span> <span class='ocrx_word' id='word_1_179' title='bbox 428 1792 544 1848; x_wconf 88' lang='lat' dir='ltr'><strong>disseruit,</strong></span> <span class='ocrx_word' id='word_1_180' title='bbox 566 1793 702 1839; x_wconf 90' lang='lat' dir='ltr'><strong>continetur.</strong></span> <span class='ocrx_word' id='word_1_181' title='bbox 737 1792 814 1839; x_wconf 86' lang='lat' dir='ltr'><strong>Recte</strong></span> 
     </span>
     <span class='ocr_line' id='line_1_24' title="bbox 28 1855 815 1922; baseline 0.008 -23"><span class='ocrx_word' id='word_1_182' title='bbox 28 1855 155 1916; x_wconf 88' lang='lat' dir='ltr'><strong>simplicem</strong></span> <span class='ocrx_word' id='word_1_183' title='bbox 167 1859 230 1904; x_wconf 90' lang='lat' dir='ltr'><strong>illam</strong></span> <span class='ocrx_word' id='word_1_184' title='bbox 246 1861 325 1905; x_wconf 88' lang='lat' dir='ltr'><strong>mentis</strong></span> <span class='ocrx_word' id='word_1_185' title='bbox 340 1861 500 1907; x_wconf 86' lang='lat' dir='ltr'><strong>conscientiam</strong></span> <span class='ocrx_word' id='word_1_186' title='bbox 517 1862 552 1907; x_wconf 88' lang='lat' dir='ltr'><strong>sui</strong></span> <span class='ocrx_word' id='word_1_187' title='bbox 571 1864 631 1907; x_wconf 83' lang='lat' dir='ltr'><strong>exuit</strong></span> <span class='ocrx_word' id='word_1_188' title='bbox 645 1862 722 1909; x_wconf 69' lang='lat' dir='ltr'><strong>nativit</strong></span> <span class='ocrx_word' id='word_1_189' title='bbox 736 1861 815 1922; x_wconf 84' lang='lat' dir='ltr'><strong>digni-</strong></span> 
     </span>
     <span class='ocr_line' id='line_1_25' title="bbox 29 1928 813 1993; baseline 0.009 -24"><span class='ocrx_word' id='word_1_190' title='bbox 29 1930 75 1971; x_wconf 87' lang='lat' dir='ltr'><strong>tate</strong></span> <span class='ocrx_word' id='word_1_191' title='bbox 91 1928 183 1973; x_wconf 88' lang='lat' dir='ltr'><strong>rationis</strong></span> <span class='ocrx_word' id='word_1_192' title='bbox 201 1929 350 1992; x_wconf 82' lang='lat' dir='ltr'><strong>suffragandi.</strong></span> <span class='ocrx_word' id='word_1_193' title='bbox 386 1932 491 1993; x_wconf 87' lang='lat' dir='ltr'><strong>Adipisci</strong></span> <span class='ocrx_word' id='word_1_194' title='bbox 514 1939 591 1978; x_wconf 90' lang='lat' dir='ltr'><strong>autem</strong></span> <span class='ocrx_word' id='word_1_195' title='bbox 608 1949 664 1978; x_wconf 86' lang='lat' dir='ltr'><strong>num</strong></span> <span class='ocrx_word' id='word_1_196' title='bbox 681 1933 723 1977; x_wconf 89' lang='lat' dir='ltr'><strong>illa</strong></span> <span class='ocrx_word' id='word_1_197' title='bbox 740 1933 813 1992; x_wconf 87' lang='lat' dir='ltr'><strong>possit</strong></span> 
     </span>
     <span class='ocr_line' id='line_1_26' title="bbox 28 1993 813 2058; baseline 0.009 -19"><span class='ocrx_word' id='word_1_198' title='bbox 28 1993 90 2040; x_wconf 87' lang='lat' dir='ltr'><strong>hanc</strong></span> <span class='ocrx_word' id='word_1_199' title='bbox 116 1996 252 2058; x_wconf 84' lang='lat' dir='ltr'><strong>dignitatem</strong></span> <span class='ocrx_word' id='word_1_200' title='bbox 280 2001 365 2047; x_wconf 76' lang='lat' dir='ltr'><strong>reflexb</strong></span> <span class='ocrx_word' id='word_1_201' title='bbox 391 2001 422 2046; x_wconf 91' lang='lat' dir='ltr'><strong>ad</strong></span> <span class='ocrx_word' id='word_1_202' title='bbox 448 2002 624 2048; x_wconf 85' lang='lat' dir='ltr'><strong>examinandam</strong></span> <span class='ocrx_word' id='word_1_203' title='bbox 651 2001 813 2049; x_wconf 88' lang='lat' dir='ltr'><strong>conscientiam</strong></span> 
     </span>
     <span class='ocr_line' id='line_1_27' title="bbox 28 2067 812 2132; baseline 0.006 -23"><span class='ocrx_word' id='word_1_204' title='bbox 28 2070 115 2121; x_wconf 87' lang='lat' dir='ltr'><strong>mente,</strong></span> <span class='ocrx_word' id='word_1_205' title='bbox 140 2083 194 2112; x_wconf 93' lang='lat' dir='ltr'><strong>num</strong></span> <span class='ocrx_word' id='word_1_206' title='bbox 211 2067 281 2129; x_wconf 80' lang='lat' dir='ltr'><strong>igitur</strong></span> <span class='ocrx_word' id='word_1_207' title='bbox 303 2086 367 2115; x_wconf 91' lang='lat' dir='ltr'><strong>mens</strong></span> <span class='ocrx_word' id='word_1_208' title='bbox 388 2071 461 2131; x_wconf 86' lang='lat' dir='ltr'><strong>possit</strong></span> <span class='ocrx_word' id='word_1_209' title='bbox 484 2087 538 2117; x_wconf 89' lang='lat' dir='ltr'><strong>snae</strong></span> <span class='ocrx_word' id='word_1_210' title='bbox 560 2079 599 2118; x_wconf 88' lang='lat' dir='ltr'><strong>aut</strong></span> <span class='ocrx_word' id='word_1_211' title='bbox 617 2071 812 2132; x_wconf 88' lang='lat' dir='ltr'><strong>comprobationis</strong></span> 
     </span>
     <span class='ocr_line' id='line_1_28' title="bbox 29 2137 812 2198; baseline 0.011 -22"><span class='ocrx_word' id='word_1_212' title='bbox 29 2141 68 2177; x_wconf 90' lang='lat' dir='ltr'><strong>aut</strong></span> <span class='ocrx_word' id='word_1_213' title='bbox 88 2137 255 2195; x_wconf 85' lang='lat' dir='ltr'><strong>reprobationis</strong></span> <span class='ocrx_word' id='word_1_214' title='bbox 274 2140 430 2185; x_wconf 87' lang='lat' dir='ltr'><strong>necessitatem</strong></span> <span class='ocrx_word' id='word_1_215' title='bbox 452 2142 476 2185; x_wconf 90' lang='lat' dir='ltr'><strong>in</strong></span> <span class='ocrx_word' id='word_1_216' title='bbox 500 2142 652 2187; x_wconf 88' lang='lat' dir='ltr'><strong>examinando</strong></span> <span class='ocrx_word' id='word_1_217' title='bbox 675 2157 718 2198; x_wconf 88' lang='lat' dir='ltr'><strong>eo,</strong></span> <span class='ocrx_word' id='word_1_218' title='bbox 745 2139 812 2198; x_wconf 88' lang='lat' dir='ltr'><strong>qnod</strong></span> 
     </span>
     <span class='ocr_line' id='line_1_29' title="bbox 27 2201 812 2272; baseline 0.011 -27"><span class='ocrx_word' id='word_1_219' title='bbox 27 2201 160 2252; x_wconf 87' lang='lat' dir='ltr'><strong>immediata</strong></span> <span class='ocrx_word' id='word_1_220' title='bbox 177 2208 314 2255; x_wconf 88' lang='lat' dir='ltr'><strong>conscientia</strong></span> <span class='ocrx_word' id='word_1_221' title='bbox 330 2210 415 2272; x_wconf 81' lang='lat' dir='ltr'><strong>tulerit,</strong></span> <span class='ocrx_word' id='word_1_222' title='bbox 432 2218 569 2269; x_wconf 87' lang='lat' dir='ltr'><strong>monstrare,</strong></span> <span class='ocrx_word' id='word_1_223' title='bbox 592 2212 623 2257; x_wconf 90' lang='lat' dir='ltr'><strong>de</strong></span> <span class='ocrx_word' id='word_1_224' title='bbox 639 2210 686 2256; x_wconf 83' lang='lat' dir='ltr'><strong>boc</strong></span> <span class='ocrx_word' id='word_1_225' title='bbox 701 2209 812 2271; x_wconf 87' lang='lat' dir='ltr'><strong>deinceps</strong></span> 
     </span>
     <span class='ocr_line' id='line_1_30' title="bbox 28 2271 812 2340; baseline 0.011 -25"><span class='ocrx_word' id='word_1_226' title='bbox 28 2271 161 2321; x_wconf 85' lang='lat' dir='ltr'><strong>dicendum</strong></span> <span class='ocrx_word' id='word_1_227' title='bbox 177 2282 216 2322; x_wconf 88' lang='lat' dir='ltr'><strong>est.</strong></span> <span class='ocrx_word' id='word_1_228' title='bbox 260 2279 403 2340; x_wconf 86' lang='lat' dir='ltr'><strong>Apparebit,</strong></span> <span class='ocrx_word' id='word_1_229' title='bbox 423 2281 528 2327; x_wconf 90' lang='lat' dir='ltr'><strong>tribuisse</strong></span> <span class='ocrx_word' id='word_1_230' title='bbox 545 2282 612 2327; x_wconf 90' lang='lat' dir='ltr'><strong>illum</strong></span> <span class='ocrx_word' id='word_1_231' title='bbox 626 2280 697 2325; x_wconf 91' lang='lat' dir='ltr'><strong>menti</strong></span> <span class='ocrx_word' id='word_1_232' title='bbox 712 2280 743 2324; x_wconf 92' lang='lat' dir='ltr'><strong>ad</strong></span> <span class='ocrx_word' id='word_1_233' title='bbox 757 2295 812 2324; x_wconf 87' lang='lat' dir='ltr'><strong>exa-</strong></span> 
     </span>
     <span class='ocr_line' id='line_1_31' title="bbox 26 2339 813 2412; baseline 0.017 -29"><span class='ocrx_word' id='word_1_234' title='bbox 26 2339 158 2389; x_wconf 91' lang='lat' dir='ltr'><strong>minandum</strong></span> <span class='ocrx_word' id='word_1_235' title='bbox 178 2345 278 2392; x_wconf 83' lang='lat' dir='ltr'><strong>reflexae</strong></span> <span class='ocrx_word' id='word_1_236' title='bbox 298 2354 436 2409; x_wconf 90' lang='lat' dir='ltr'><strong>potestatem</strong></span> <span class='ocrx_word' id='word_1_237' title='bbox 459 2351 552 2396; x_wconf 89' lang='lat' dir='ltr'><strong>rationis</strong></span> <span class='ocrx_word' id='word_1_238' title='bbox 578 2349 609 2394; x_wconf 83' lang='lat' dir='ltr'><strong>ad</strong></span> <span class='ocrx_word' id='word_1_239' title='bbox 636 2349 813 2412; x_wconf 83' lang='lat' dir='ltr'><strong>suffragandum</strong></span> 
     </span>
     <span class='ocr_line' id='line_1_32' title="bbox 26 2408 813 2472; baseline 0.02 -20"><span class='ocrx_word' id='word_1_240' title='bbox 26 2408 136 2467; x_wconf 84' lang='lat' dir='ltr'><strong>idoneae,</strong></span> <span class='ocrx_word' id='word_1_241' title='bbox 159 2414 236 2472; x_wconf 89' lang='lat' dir='ltr'><strong>itaque</strong></span> <span class='ocrx_word' id='word_1_242' title='bbox 257 2415 281 2459; x_wconf 90' lang='lat' dir='ltr'><strong>in</strong></span> <span class='ocrx_word' id='word_1_243' title='bbox 304 2417 353 2462; x_wconf 92' lang='lat' dir='ltr'><strong>hoc</strong></span> <span class='ocrx_word' id='word_1_244' title='bbox 376 2420 445 2464; x_wconf 90' lang='lat' dir='ltr'><strong>etiam</strong></span> <span class='ocrx_word' id='word_1_245' title='bbox 465 2420 520 2465; x_wconf 91' lang='lat' dir='ltr'><strong>loco</strong></span> <span class='ocrx_word' id='word_1_246' title='bbox 542 2436 556 2463; x_wconf 92' lang='lat' dir='ltr'><strong>a</strong></span> <span class='ocrx_word' id='word_1_247' title='bbox 573 2419 651 2464; x_wconf 89' lang='lat' dir='ltr'><strong>Kanto</strong></span> <span class='ocrx_word' id='word_1_248' title='bbox 676 2419 813 2468; x_wconf 89' lang='lat' dir='ltr'><strong>discessisse.</strong></span> 
     </span>
     <span class='ocr_line' id='line_1_33' title="bbox 28 2477 813 2550; baseline 0.017 -28"><span class='ocrx_word' id='word_1_249' title='bbox 28 2477 98 2525; x_wconf 87' lang='lat' dir='ltr'><strong>Hunc</strong></span> <span class='ocrx_word' id='word_1_250' title='bbox 123 2482 183 2526; x_wconf 90' lang='lat' dir='ltr'><strong>enim</strong></span> <span class='ocrx_word' id='word_1_251' title='bbox 209 2484 295 2529; x_wconf 88' lang='lat' dir='ltr'><strong>censuit</strong></span> <span class='ocrx_word' id='word_1_252' title='bbox 317 2487 348 2532; x_wconf 90' lang='lat' dir='ltr'><strong>de</strong></span> <span class='ocrx_word' id='word_1_253' title='bbox 370 2489 489 2535; x_wconf 85' lang='lat' dir='ltr'><strong>intellectu</strong></span> <span class='ocrx_word' id='word_1_254' title='bbox 509 2488 603 2548; x_wconf 92' lang='lat' dir='ltr'><strong>quidem</strong></span> <span class='ocrx_word' id='word_1_255' title='bbox 625 2495 703 2549; x_wconf 89' lang='lat' dir='ltr'><strong>reete,</strong></span> <span class='ocrx_word' id='word_1_256' title='bbox 733 2491 813 2550; x_wconf 87' lang='lat' dir='ltr'><strong>inique</strong></span> 
     </span>
     <span class='ocr_line' id='line_1_34' title="bbox 29 2549 812 2618; baseline 0.015 -27"><span class='ocrx_word' id='word_1_257' title='bbox 29 2561 85 2592; x_wconf 90' lang='lat' dir='ltr'><strong>vero</strong></span> <span class='ocrx_word' id='word_1_258' title='bbox 107 2549 137 2594; x_wconf 91' lang='lat' dir='ltr'><strong>de</strong></span> <span class='ocrx_word' id='word_1_259' title='bbox 157 2558 233 2597; x_wconf 89' lang='lat' dir='ltr'><strong>mente</strong></span> <span class='ocrx_word' id='word_1_260' title='bbox 252 2554 372 2603; x_wconf 81' lang='lat' dir='ltr'><strong>iudicasse.</strong></span> <span class='ocrx_word' id='word_1_261' title='bbox 406 2560 487 2618; x_wconf 87' lang='lat' dir='ltr'><strong>Itaque</strong></span> <span class='ocrx_word' id='word_1_262' title='bbox 510 2559 534 2602; x_wconf 93' lang='lat' dir='ltr'><strong>in</strong></span> <span class='ocrx_word' id='word_1_263' title='bbox 554 2560 597 2604; x_wconf 75' lang='lat' dir='ltr'><strong>istit</strong></span> <span class='ocrx_word' id='word_1_264' title='bbox 619 2560 718 2605; x_wconf 90' lang='lat' dir='ltr'><strong>duarum</strong></span> <span class='ocrx_word' id='word_1_265' title='bbox 743 2561 812 2606; x_wconf 89' lang='lat' dir='ltr'><strong>animi</strong></span> 
     </span>
     <span class='ocr_line' id='line_1_35' title="bbox 28 2615 810 2689; baseline 0.017 -28"><span class='ocrx_word' id='word_1_266' title='bbox 28 2615 163 2665; x_wconf 90' lang='lat' dir='ltr'><strong>facultatum</strong></span> <span class='ocrx_word' id='word_1_267' title='bbox 180 2621 312 2670; x_wconf 83' lang='lat' dir='ltr'><strong>confusione</strong></span> <span class='ocrx_word' id='word_1_268' title='bbox 333 2628 484 2689; x_wconf 87' lang='lat' dir='ltr'><strong>praecipuam</strong></span> <span class='ocrx_word' id='word_1_269' title='bbox 504 2627 619 2676; x_wconf 89' lang='lat' dir='ltr'><strong>idealismi</strong></span> <span class='ocrx_word' id='word_1_270' title='bbox 635 2630 737 2678; x_wconf 87' lang='lat' dir='ltr'><strong>kantiam</strong></span> <span class='ocrx_word' id='word_1_271' title='bbox 758 2644 810 2676; x_wconf 89' lang='lat' dir='ltr'><strong>cau-</strong></span> 
     </span>
    </p>
   </div>
   <div class='ocr_carea' id='block_1_3' title="bbox 29 2744 811 2916">
    <p class='ocr_par' dir='ltr' id='par_1_4' title="bbox 29 2730 811 2916">
     <span class='ocr_line' id='line_1_36' title="bbox 74 2744 810 2800; baseline 0.007 -14"><span class='ocrx_word' id='word_1_272' title='bbox 74 2744 95 2799; x_wconf 89' lang='lat'><strong>1)</strong></span> <span class='ocrx_word' id='word_1_273' title='bbox 106 2747 175 2786; x_wconf 89' lang='lat' dir='ltr'><strong>Nostri</strong></span> <span class='ocrx_word' id='word_1_274' title='bbox 185 2745 286 2787; x_wconf 78' lang='lat' dir='ltr'><strong>dixerint:</strong></span> <span class='ocrx_word' id='word_1_275' title='bbox 302 2747 339 2789; x_wconf 88' lang='lat' dir='ltr'><strong>das</strong></span> <span class='ocrx_word' id='word_1_276' title='bbox 348 2751 438 2791; x_wconf 84' lang='lat' dir='ltr'><strong>Zeichen</strong></span> <span class='ocrx_word' id='word_1_277' title='bbox 447 2750 483 2792; x_wconf 88' lang='lat' dir='ltr'><strong>der</strong></span> <span class='ocrx_word' id='word_1_278' title='bbox 496 2753 609 2796; x_wconf 76' lang='lat' dir='ltr'><strong>Wahrheit</strong></span> <span class='ocrx_word' id='word_1_279' title='bbox 619 2759 647 2800; x_wconf 84' lang='lat' dir='ltr'><strong>ist</strong></span> <span class='ocrx_word' id='word_1_280' title='bbox 657 2757 690 2797; x_wconf 89' lang='lat' dir='ltr'><strong>die</strong></span> <span class='ocrx_word' id='word_1_281' title='bbox 697 2753 810 2796; x_wconf 81' lang='lat' dir='ltr'><strong>Nothwen-</strong></span> 
     </span>
     <span class='ocr_line' id='line_1_37' title="bbox 30 2802 810 2867; baseline 0.012 -25"><span class='ocrx_word' id='word_1_282' title='bbox 30 2802 121 2858; x_wconf 67' lang='lat' dir='ltr'><strong>digkeit,</strong></span> <span class='ocrx_word' id='word_1_283' title='bbox 136 2805 179 2845; x_wconf 89' lang='lat' dir='ltr'><strong>und</strong></span> <span class='ocrx_word' id='word_1_284' title='bbox 190 2803 226 2845; x_wconf 84' lang='lat' dir='ltr'><strong>das</strong></span> <span class='ocrx_word' id='word_1_285' title='bbox 237 2805 328 2847; x_wconf 86' lang='lat' dir='ltr'><strong>Zeichen</strong></span> <span class='ocrx_word' id='word_1_286' title='bbox 343 2807 379 2848; x_wconf 92' lang='lat' dir='ltr'><strong>der</strong></span> <span class='ocrx_word' id='word_1_287' title='bbox 388 2809 571 2867; x_wconf 73' lang='lat' dir='ltr'><strong>Nothwendiglseit</strong></span> <span class='ocrx_word' id='word_1_288' title='bbox 583 2819 611 2856; x_wconf 86' lang='lat' dir='ltr'><strong>ist</strong></span> <span class='ocrx_word' id='word_1_289' title='bbox 624 2817 657 2855; x_wconf 90' lang='lat' dir='ltr'><strong>die</strong></span> <span class='ocrx_word' id='word_1_290' title='bbox 668 2811 810 2854; x_wconf 81' lang='lat' dir='ltr'><strong>Unwiderruf-</strong></span> 
     </span>
     <span class='ocr_line' id='line_1_38' title="bbox 29 2862 811 2916; baseline 0.013 -16"><span class='ocrx_word' id='word_1_291' title='bbox 29 2862 115 2903; x_wconf 82' lang='lat' dir='ltr'><strong>lichkeit</strong></span> <span class='ocrx_word' id='word_1_292' title='bbox 125 2863 161 2905; x_wconf 87' lang='lat' dir='ltr'><strong>des</strong></span> <span class='ocrx_word' id='word_1_293' title='bbox 170 2863 281 2905; x_wconf 78' lang='lat' dir='ltr'><strong>Fiirwahr-</strong></span> <span class='ocrx_word' id='word_1_294' title='bbox 291 2865 335 2906; x_wconf 86' lang='lat' dir='ltr'><strong>und</strong></span> <span class='ocrx_word' id='word_1_295' title='bbox 341 2868 531 2914; x_wconf 82' lang='lat' dir='ltr'><strong>Wirklichhaltens</strong></span> <span class='ocrx_word' id='word_1_296' title='bbox 540 2874 577 2915; x_wconf 88' lang='lat' dir='ltr'><strong>der</strong></span> <span class='ocrx_word' id='word_1_297' title='bbox 585 2874 685 2916; x_wconf 79' lang='lat' dir='ltr'><strong>vernunst</strong></span> <span class='ocrx_word' id='word_1_298' title='bbox 694 2868 747 2910; x_wconf 87' lang='lat' dir='ltr'><strong>auch</strong></span> <span class='ocrx_word' id='word_1_299' title='bbox 754 2869 811 2910; x_wconf 85' lang='lat' dir='ltr'><strong>noelr</strong></span> 
     </span>
    </p>
   </div>
   <div class='ocr_carea' id='block_1_4' title="bbox 29 2920 811 3019">
    <p class='ocr_par' dir='ltr' id='par_1_5' title="bbox 29 2920 811 3019">
     <span class='ocr_line' id='line_1_39' title="bbox 29 2920 811 2986; baseline 0.013 -25"><span class='ocrx_word' id='word_1_300' title='bbox 29 2920 57 2986; x_wconf 38' lang='lat' dir='ltr'><strong>in·</strong></span> <span class='ocrx_word' id='word_1_301' title='bbox 63 2921 99 2962; x_wconf 86' lang='lat' dir='ltr'><strong>der</strong></span> <span class='ocrx_word' id='word_1_302' title='bbox 107 2925 214 2965; x_wconf 85' lang='lat' dir='ltr'><strong>Reficxion</strong></span> <span class='ocrx_word' id='word_1_303' title='bbox 224 2925 262 2965; x_wconf 82' lang='lat' dir='ltr'><strong>auf</strong></span> <span class='ocrx_word' id='word_1_304' title='bbox 271 2924 312 2966; x_wconf 87' lang='lat' dir='ltr'><strong>den</strong></span> <span class='ocrx_word' id='word_1_305' title='bbox 321 2925 457 2972; x_wconf 82' lang='lat' dir='ltr'><strong>Saoh-Inhalt</strong></span> <span class='ocrx_word' id='word_1_306' title='bbox 465 2930 522 2974; x_wconf 88' lang='lat' dir='ltr'><strong>ihres</strong></span> <span class='ocrx_word' id='word_1_307' title='bbox 531 2932 697 2975; x_wconf 76' lang='lat' dir='ltr'><strong>unvermittelten</strong></span> <span class='ocrx_word' id='word_1_308' title='bbox 703 2931 811 2971; x_wconf 84' lang='lat' dir='ltr'><strong>Bewnsst-</strong></span> 
     </span>
     <span class='ocr_line' id='line_1_40' title="bbox 29 2989 90 3019; baseline 0.066 -4"><span class='ocrx_word' id='word_1_309' title='bbox 29 2989 90 3019; x_wconf 81' lang='lat' dir='ltr'><strong>selus.</strong></span> 
     </span>
    </p>
   </div>
   <div class='ocr_carea' id='block_1_5' title="bbox 0 0 870 3169">
    <p class='ocr_par' dir='ltr' id='par_1_6' title="bbox 0 0 870 3169">
     <span class='ocr_line' id='line_1_41' title="bbox 0 0 870 3169; baseline 0 0"><span class='ocrx_word' id='word_1_310' title='bbox 0 0 870 3169; x_wconf 95' lang='lat' dir='ltr'><strong> </strong></span> 
     </span>
    </p>
   </div>
  </div>
 </body>
</html>
