1732 3169
145 183 253 225 Conclusio
266 183 394 238 quaestionis
407 181 435 223 de
451 182 535 222 ratione
550 177 692 237 stqsrogandi.
772 168 807 215 29

26 303 128 354 habendi
142 319 230 359 verum,
248 303 354 364 adeoque
371 310 457 351 certam
476 305 547 351 cernit
563 302 625 350 hanc
642 316 691 348 rem
703 297 807 346 anatur—o

24 379 113 430 (latam,
131 379 156 418 ut
173 375 268 420 abolere
285 391 336 420 eam
352 381 461 434 nequeat,
479 375 520 420 sed
538 374 606 435 primi
623 374 671 420 veri
685 371 766 418 locun]
781 369 806 413 ei

24 447 123 492 tribuere
141 449 245 505 cogatur.

73 532 191 581 Deinde
208 535 346 595 conspicitur
360 535 429 581 virtus
443 534 538 580 huiusce
551 534 585 579 rei
594 535 617 579 in
634 548 685 580 usu
701 531 805 579 eiusdem

23 606 52 652 ad
71 602 245 665 suffragandum
261 610 284 650 et
300 605 332 649 ad
349 620 428 650 verum
445 603 604 649 inveniendum
615 604 741 665 applicato.
760 602 805 646 illa

23 674 164 735 suffragandi
182 674 314 734 necessitas,
337 689 407 732 quam
425 673 502 718 afferri
521 673 619 718 vidimus
641 673 708 719 vela
725 686 804 717 rernm

23 745 153 806 cognitione
170 742 208 789 vel
226 758 239 787 a
257 743 357 803 simplici
370 744 451 789 mentis
465 743 601 790 conscientiis
613 743 653 800 sui,
671 758 741 787 unum
754 740 804 787 hoc

24 815 101 870 eflicit,
116 819 141 859 ut
157 812 231 873 possis
249 812 368 872 quiddam,
384 814 456 874 possis
474 828 528 859 vero
547 814 615 858 etiam
629 812 692 858 aliud
706 812 736 856 ab
754 810 804 855 hoc

23 884 134 928 diversum
159 897 187 927 eo
211 882 266 928 loco
288 882 388 942 habere,
410 890 435 928 ut
457 883 484 928 sit
504 898 590 928 verum.
631 881 731 928 Omnino
756 874 804 924 non

22 952 132 1013 significat
149 952 191 997 nisi
209 966 248 997 cos
265 952 335 1010 fines,
357 953 415 997 intra
438 968 496 1012 quos
516 953 586 1013 possit
602 951 675 997 homo
692 949 805 998 contineri

23 1029 45 1075 et
61 1021 156 1066 moveri.
190 1021 253 1067 Hinc
276 1037 304 1068 ex
325 1022 374 1069 soli
396 1023 438 1069 itte
458 1023 550 1067 minime
572 1023 652 1082 prodit
675 1028 737 1068 certa
754 1018 804 1064 veri

23 1092 127 1137 inventio.
163 1090 229 1138 Haec
243 1107 306 1149 vero,
322 1108 391 1152 qnam
406 1092 477 1154 paulo
493 1098 546 1137 ante
563 1092 704 1148 dicebamuS,
722 1104 803 1137 neces-

23 1162 73 1206 sitas
84 1161 169 1221 aliquid
179 1177 257 1207 verum
268 1162 370 1209 habendi
383 1163 461 1220 efficit,
479 1170 511 1220 ut,
529 1162 642 1223 quidquid
656 1162 708 1222 fert,
721 1175 804 1220 quam-

20 1232 53 1276 vis
67 1230 115 1277 hoc
131 1247 174 1292 per
191 1248 215 1277 se
232 1234 309 1294 ipsum
326 1234 398 1294 possit
412 1249 477 1281 secus
494 1232 637 1288 schinne,
661 1232 702 1276 abs
725 1237 750 1276 te
766 1236 804 1274 ta-

20 1317 72 1347 men
89 1316 136 1346 non
153 1302 225 1362 possit
242 1319 306 1351 secus
323 1303 418 1360 haberi,
440 1319 486 1349 non
509 1303 582 1364 possit
598 1301 681 1348 haberi
698 1316 745 1346 non
762 1315 804 1345 ve-

20 1386 77 1417 rum.
113 1370 213 1417 Omnino
232 1389 271 1419 eos
287 1375 345 1420 fines
362 1374 488 1437 significat,
506 1374 564 1420 intra
582 1389 640 1434 quos
658 1373 731 1418 homo
749 1385 803 1416 vere

20 1441 146 1486 continetur
164 1448 187 1487 et
204 1441 343 1506 inoveturl).
378 1446 420 1491 Est
442 1445 512 1506 igitur
533 1443 600 1489 sedes
623 1449 646 1488 et
662 1443 803 1503 principium

19 1511 73 1557 veri.
107 1511 176 1556 Mens
194 1513 288 1560 abhoc
306 1514 425 1559 exordiens
446 1515 514 1559 etad
532 1513 580 1559 hoc
598 1513 706 1559 continuo
722 1527 746 1557 se
763 1526 802 1555 re-

18 1580 114 1626 flectens
136 1583 284 1640 prosequitur
305 1584 433 1628 universnm
457 1585 506 1629 veri
528 1599 556 1628 ex
577 1583 653 1642 primo
680 1581 728 1628 hoc
744 1595 801 1627 rero

18 1648 71 1694 nexi
101 1654 212 1696 tenorem.
247 1651 287 1697 Sic
307 1652 400 1697 tandem
423 1657 499 1711 potest
522 1653 627 1713 principe
653 1651 695 1698 itte
721 1651 802 1713 logici

19 1718 83 1778 lege,
101 1732 160 1776 quae
177 1733 240 1764 suam
258 1721 340 1780 cuique
357 1722 390 1767 rei
409 1736 500 1767 causam
515 1723 642 1769 subiectam
659 1722 747 1767 censeri
763 1722 801 1766 iu-

17 1787 69 1843 bet,
98 1792 161 1833 recte
178 1789 218 1847 uti,
242 1795 333 1836 nectere
350 1792 447 1836 alterum
466 1808 494 1837 ex
507 1793 580 1837 altero
598 1798 621 1837 et
638 1792 729 1852 singula
745 1806 802 1836 vera

18 1870 46 1900 ex
63 1871 108 1900 nno
125 1872 181 1902 vero
199 1858 309 1905 derivare.
345 1860 434 1907 Cuncta
457 1862 517 1907 enim
537 1863 579 1907 illa
603 1869 625 1908 et
644 1877 697 1908 cum
712 1862 761 1907 hoc
780 1865 802 1906 et

18 1926 77 1970 inter
95 1941 119 1969 se
141 1926 223 1972 eidem
245 1930 378 1977 necessitate
401 1938 510 1990 tanquam
532 1947 579 1978 uno
599 1932 702 1992 quodam
725 1938 748 1977 et
764 1932 801 1975 in-

7 1994 143 2041 dissolubili
161 1997 252 2044 vinculo
271 2001 392 2048 constricta
408 2006 520 2051 tenentur.
554 2004 633 2063 Atque
650 2002 719 2047 etiam
737 2006 800 2047 cete-

16 2079 51 2109 ras
66 2080 144 2111 omnes
161 2068 279 2128 cogitandi
295 2070 360 2131 leges
378 2078 400 2117 et
417 2072 492 2132 ipsam
509 2088 586 2118 rerum
602 2071 757 2131 cognitionem
768 2069 799 2114 ad

16 2134 174 2181 inveniendum
204 2153 258 2184 vera
280 2147 344 2186 recte
370 2141 484 2188 adhibere
511 2149 594 2204 potest.
634 2142 713 2186 Habet
738 2140 799 2185 enim

16 2217 120 2248 normam
138 2207 264 2267 cogitando
283 2216 305 2255 et
318 2212 482 2272 cognoscendo
506 2213 617 2273 positam,
640 2225 685 2269 qua
706 2216 799 2255 cautum

17 2278 50 2316 est
67 2289 96 2317 ne
114 2276 211 2334 accidat,
229 2286 254 2323 nt
267 2280 319 2339 ipsa
337 2287 439 2327 autnon
455 2284 528 2342 possit
545 2288 645 2326 autnon
662 2279 719 2325 velit
736 2295 799 2325 asse-

15 2342 55 2400 qui
67 2357 152 2388 verum.
187 2346 248 2391 Nam
265 2350 304 2407 qni
322 2356 345 2394 et
357 2352 491 2397 necessitate
508 2351 610 2396 habendi
625 2364 705 2394 verum
717 2356 740 2395 et
750 2351 799 2397 soli

14 2409 60 2455 hac
77 2410 167 2455 ducitur
184 2414 207 2457 in
225 2418 350 2477 cogitando
369 2428 392 2465 et
409 2421 580 2481 cognoscendo,
597 2421 616 2464 is
628 2435 705 2479 neque
723 2427 799 2466 secta-

13 2485 142 2537 tarneque
161 2481 250 2528 videtur
267 2487 309 2530 sibi
327 2497 441 2535 assecutus
459 2506 506 2535 esse
523 2490 565 2533 nisi
583 2506 621 2545 ea,
640 2504 700 2547 quae
717 2505 799 2537 ncces-

15 2547 73 2592 sario
90 2564 144 2593 vera
159 2548 267 2597 habenda
288 2562 345 2612 sunt,
366 2561 474 2619 quoniam
483 2559 583 2605 referunt
595 2563 635 2606 suoi
644 2565 725 2608 naturis
733 2562 797 2606 illam

14 2617 83 2662 menti
99 2618 193 2666 inditam
206 2625 369 2673 necessitatem.

57 2801 80 2856 1)
96 2802 132 2841 nie
146 2804 190 2856 gibt
205 2803 253 2844 dem
271 2805 383 2847 Menschen
402 2810 566 2862 zugleich'seine
582 2811 730 2856 wirkliohkeir
746 2809 790 2849 und

14 2860 69 2897 seine
78 2861 200 2902 Gewissheit
210 2876 251 2903 von
264 2864 378 2908 derselben.
