1797 3152
224 124 264 170 Dc
276 131 404 172 necessitate
412 129 497 173 divinoe
511 131 653 172 revelationis.
797 121 832 169 69

47 249 144 297 eandem
160 265 203 312 per
217 253 276 299 rita'e
292 252 391 300 hominis
408 256 509 318 singulos
527 270 632 316 quosque
649 253 757 304 articulos
774 269 832 316 per-

46 322 122 367 fusam
144 338 204 381 esse,
234 340 281 370 non
303 327 454 387 praecipiunt.
502 327 596 373 interim
619 326 679 375 haec
702 325 830 390 perpende.

46 392 154 440 Fortasse
168 395 300 457 tibimetipsi
315 397 346 441 ita
364 398 495 456 constiteris,
511 404 548 455 ut,
563 397 637 458 positt
653 397 703 444 sold
721 397 755 458 eal,
771 412 831 458 quae

46 478 90 525 per
113 470 216 511 naturam
237 466 335 513 hominis
354 467 416 514 facta
438 469 477 526 sit,
503 469 642 514 revelatione
659 461 831 530 providentiam

47 550 98 580 cam
114 536 219 596 quidem,
245 552 304 596 quac
328 538 358 582 ad
375 538 493 585 hominem
516 539 584 583 etiam
601 540 726 599 pertineat,
751 538 830 584 subla-

46 612 94 651 tam
104 622 153 652 esse
169 621 255 655 cernas,
268 633 304 642 —
316 609 365 653 Nos
379 615 454 654 autem
468 606 543 667 neque
559 610 657 670 probant
669 609 716 656 hac
730 610 831 671 dogma-

47 682 96 722 tum
113 679 172 723 intcr
187 694 211 723 sc
229 680 370 725 connexione
385 694 461 737 neque
479 679 562 725 iactata
579 680 619 726 illa
637 679 713 727 ethica
730 680 831 727 necessi-

47 753 94 793 tate
112 748 142 793 ad
159 749 316 794 necessitatem
333 749 479 795 revelationis
497 750 666 796 monstrandam
680 751 754 796 multo
772 766 830 812 pro-

46 819 97 879 pius
119 819 240 864 accessisse
259 819 326 864 nobis
346 819 482 865 ridebimur.
521 820 597 876 Quam
614 837 697 882 parum
714 821 830 868 suffecerit

46 890 80 935 rei
102 888 143 935 hio
162 889 229 934 labor
242 888 266 934 in
283 890 430 936 monstranda
449 890 525 936 ethici
539 891 681 937 revelationis
698 892 831 938 necessitate

47 965 191 1013 consumtus,
215 959 284 1007 facile
301 960 440 1023 intelligitur.
486 961 593 1008 Facultas
616 963 696 1008 mentis
717 963 831 1020 animique

46 1029 141 1074 humani
158 1045 228 1088 quem
244 1030 374 1077 eruditionis
391 1032 468 1077 locum
487 1032 559 1091 possit
576 1032 685 1092 adipisci,
709 1034 734 1078 in
752 1031 832 1076 ethicis

47 1106 71 1145 et
87 1100 111 1144 in
129 1099 211 1161 logicis
228 1116 302 1160 aeque
319 1115 365 1146 non
383 1107 459 1161 potest
474 1101 526 1147 dici.
562 1102 625 1146 Finis
638 1108 714 1147 autem
729 1102 832 1146 homini-

46 1172 89 1216 bus
107 1171 221 1232 propositi
238 1186 266 1217 ac
285 1170 323 1216 dci
340 1172 412 1217 sancti
429 1171 530 1216 omnium
548 1172 642 1218 rectoris
660 1172 720 1219 haec
737 1171 832 1231 quidem

47 1242 165 1287 manifesta
192 1241 251 1286 ratio
277 1246 326 1298 est,
361 1246 398 1297 ut,
439 1247 548 1300 quantum
575 1242 662 1287 virtutis
689 1242 722 1286 in
739 1241 833 1303 singulis

46 1312 142 1372 reperiri
169 1317 193 1356 ct
220 1325 267 1370 quo
293 1311 339 1357 fine
365 1311 468 1372 singulos
489 1311 559 1371 potiri
589 1316 765 1357 consentaneum
790 1312 834 1356 du—

47 1375 124 1439 catur,
143 1380 191 1428 hoc
206 1381 273 1427 situm
292 1381 320 1427 sit
339 1380 363 1426 in
384 1396 425 1440 eo,
447 1397 495 1441 quo
514 1382 597 1443 singuli
614 1382 734 1437 valuerint,
753 1381 834 1426 virium

46 1452 126 1499 modo.
145 1454 221 1511 Atque
230 1451 290 1497 adeo
296 1451 344 1498 hoc
354 1457 418 1498 recte
430 1451 558 1507 dixerimus,
570 1453 608 1496 vel
620 1467 665 1497 non
676 1453 781 1498 sufficere
790 1450 833 1496 sibi

47 1523 121 1583 ipsam
138 1520 238 1566 hominis
255 1527 366 1579 naturam,
384 1521 423 1566 vcl
440 1521 491 1566 tolli
508 1521 675 1580 providentiam
691 1522 729 1567 dei
743 1521 833 1567 revela-

47 1593 110 1637 tione
124 1590 221 1649 sublatd,
240 1606 267 1637 ac
284 1597 388 1636 neutrum
406 1589 454 1636 hoc
469 1591 524 1635 ferri
538 1606 613 1651 posse.
648 1592 711 1636 lllnd
726 1607 789 1646 vero,
807 1595 833 1636 ut

47 1663 186 1724 sempiterna
202 1662 279 1707 futura
293 1677 342 1707 csse
356 1660 417 1707 hacc
430 1662 573 1706 revelationis
587 1662 705 1707 necessitas
718 1662 833 1709 censenda

48 1732 87 1788 sit,
109 1747 156 1777 non
174 1731 326 1779 effecerimus.
366 1732 453 1777 Natura
470 1730 571 1776 humana
585 1737 663 1792 potest
679 1734 712 1777 ita
729 1732 771 1776 sibi
786 1746 833 1776 non

47 1802 154 1849 sufficere
170 1801 275 1858 iudicari,
292 1809 318 1848 ut
330 1817 374 1862 per
390 1800 438 1848 hoc
455 1801 543 1862 ipsum,
563 1801 627 1861 quod
641 1817 702 1849 nunc
719 1816 766 1846 non
784 1801 834 1846 suf-

47 1872 96 1917 licit
113 1872 166 1930 sibi,
185 1872 226 1917 sed
245 1872 300 1917 deus
321 1871 385 1917 adest
403 1872 430 1926 ei,
450 1872 480 1916 ad
497 1872 557 1917 illud
574 1871 722 1934 perducatur,
741 1878 766 1917 ut
782 1873 834 1932 ipsa

47 1942 146 1989 sufficiat
169 1957 197 1988 ac
219 1941 275 1987 deus
298 1957 345 1987 non
367 1941 432 1989 adsit.
474 1942 621 1987 Providentia
644 1943 683 1988 dei
704 1947 781 2003 potest
801 1943 834 1986 ita

48 2028 97 2059 esse
115 2012 183 2057 etiam
199 2012 223 2057 in
237 2011 377 2057 revelatione
395 2012 526 2072 conspicua,
544 2019 570 2058 ut
588 2013 683 2058 modum
699 2012 762 2059 hunc
775 2026 833 2072 pro-

47 2082 142 2129 videndi
164 2084 216 2144 ipso
237 2082 383 2144 providendo
406 2083 505 2141 denique
527 2083 644 2129 sublatura
665 2083 699 2129 sit.
738 2081 764 2127 si
785 2096 833 2126 non

27 2196 29 2198 ,
48 2153 87 2199 vel
103 2153 200 2199 modum
218 2153 333 2199 facultatis
347 2151 437 2198 ethicae
455 2168 469 2197 a
485 2155 604 2200 naturam
621 2153 738 2198 hominem
754 2151 833 2196 insitae

47 2229 158 2283 tanquam
183 2239 286 2269 emensus
315 2239 351 2279 es,
379 2223 416 2268 vel
438 2223 507 2268 finem
532 2240 584 2269 eum
606 2237 652 2282 quo
676 2222 732 2267 deus
748 2220 833 2267 huma-

48 2308 104 2339 num
121 2308 194 2354 genus
211 2294 283 2354 potiri
302 2293 357 2338 velit
379 2297 492 2340 assecutus
510 2308 544 2349 es,
567 2294 679 2339 incassum
697 2291 788 2336 laboras
810 2291 834 2335 in

47 2362 197 2418 inveniendo,
219 2378 247 2408 ac
265 2362 284 2407 si
300 2378 348 2408 non
365 2377 419 2408 cum
436 2362 513 2407 nostrat
529 2363 660 2422 quaestione
675 2366 750 2406 totum
767 2361 834 2406 illum

49 2432 271 2493 anthropologicum
292 2431 371 2477 locum
392 2432 525 2493 complexus
550 2447 586 2493 es,
614 2431 682 2476 etiam
698 2431 723 2476 in
739 2431 834 2478 inresti-

48 2502 127 2565 gando
145 2501 288 2547 revelationis
305 2501 470 2548 necessitatem.

98 2571 147 2618 Sed
167 2570 197 2615 ad
218 2571 365 2616 Hermesium
385 2577 488 2616 nostrum
505 2571 643 2616 revertimur.
679 2571 728 2618 Hic
746 2586 832 2626 eorum,

49 2642 132 2703 quide
150 2640 287 2702 dogmaticis
300 2640 368 2685 rebus
383 2640 534 2701 praecipiunt,
551 2656 640 2687 morem
655 2648 750 2696 secutus,
767 2641 833 2684 istam

49 2713 187 2773 dogmatum
210 2716 312 2757 mutuam
330 2710 525 2769 propinquitatem
545 2726 573 2756 ac
591 2711 730 2758 collocatam
746 2711 769 2754 in
785 2709 832 2754 hac

48 2783 124 2840 illam,
145 2781 164 2825 si
182 2795 228 2839 qua
245 2785 288 2836 est,
306 2779 371 2824 haud
387 2794 480 2839 prorsus
497 2781 588 2825 inanem
605 2797 648 2843 pro
665 2779 726 2827 factat
742 2779 832 2824 revela-

35 2854 113 2899 ·tionc
136 2850 229 2897 dicendi
246 2850 357 2894 rationem
380 2850 450 2909 plane
471 2850 628 2911 praetermisit.
673 2849 749 2906 Atque
771 2846 833 2893 haec

51 2921 205 2984 amplitudinis
228 2934 304 2967 rerum
323 2919 449 2966 divinarum
467 2926 490 2966 et
508 2919 670 2976 humanarum,
697 2933 757 2977 quac
779 2932 832 2964 cum
