1732 3169
39 189 74 233 44
126 191 270 245 Philosophiae
280 190 388 230 Hermesii
400 189 454 228 Pars
466 188 498 229 II.
514 189 614 240 qiioesrto
622 191 642 230 I.
653 187 671 244 ξ
682 191 716 230 10.

37 315 78 361 Sin
93 313 173 359 dieitur
189 311 248 357 istud
267 310 376 357 effectum
394 326 442 358 esse
457 325 504 372 per
515 311 615 359 actiones
625 313 664 358 vel
677 312 818 370 affectiones,

39 385 175 432 censendum
194 390 226 430 est
240 383 408 445 comprehendi
429 384 523 444 quidem
545 384 652 430 universis
673 383 750 443 hisce,
772 386 819 431 dif-

36 457 96 502 ferre
113 471 167 501 vern
190 472 204 501 a
221 455 316 517 singulis
334 455 427 515 iisdem,
459 471 507 501 esse
531 455 601 518 igitur
622 461 692 502 status
716 458 818 516 quidam,

37 529 75 586 qui
98 527 120 571 in
143 525 183 570 illi
206 528 331 573 modorum
353 543 445 573 suornm
467 526 618 573 vicissitudine
639 536 773 588 permaneat
790 544 819 574 ac

35 599 63 643 sit
79 613 149 642 unum
168 597 293 656 quiddam,
324 598 388 658 qnod
407 598 511 644 subsistat
529 603 552 644 et
570 598 600 642 ad
619 597 683 657 quod
702 600 818 644 actionnnr

35 667 224 726 affectionumve,
239 675 349 729 tanquam
368 669 491 715 modorum
509 669 564 727 eins,
582 668 713 714 vicissitudo
730 669 818 714 refera-

34 744 77 783 tur.
113 737 153 783 Sin
177 738 261 784 dicitnr
281 739 340 785 illud
362 756 410 785 esse
432 754 500 785 cansa
519 740 635 785 actionum
655 738 694 799 vel
712 737 818 785 affectio-

35 823 96 863 num,
113 807 251 853 luculentius
265 809 333 853 etiam
347 815 424 869 patet,
451 810 527 868 ipsum
544 809 663 853 subsistere
681 808 710 852 ab
725 807 762 852 his
782 807 818 851 di-

34 893 131 922 versum.
166 877 193 921 in
215 876 263 925 hoc
284 878 335 937 ipso
353 878 436 939 igitur,
461 878 526 936 quod
541 878 633 936 quaevis
650 892 726 921 rerum
748 878 817 921 menti

36 948 93 990 intus
112 946 231 991 obviatum
247 947 366 1007 cogitatio,
386 961 505 1004 quoquo
528 947 614 990 modo
632 947 682 991 fieri
707 952 818 1003 censetur,

37 1015 158 1061 eandem
175 1016 240 1061 unius
256 1016 350 1063 alicuius
365 1015 412 1060 illis
426 1016 522 1061 subiecti
538 1015 638 1060 formam
662 1015 747 1074 refert,
776 1016 818 1061 sita

37 1092 70 1133 est
84 1086 203 1135 necessitas
220 1087 349 1145 iudicandi,
372 1103 420 1134 esse
437 1085 571 1133 huiusmodi
584 1102 660 1134 unum.
694 1086 745 1132 Lex
763 1102 818 1135 cau-

37 1159 96 1218 salis,
112 1159 308 1220 quemadmodum
324 1160 425 1222 singulis,
438 1175 499 1220 quae
508 1159 614 1206 videntur
629 1172 685 1215 esse,
699 1174 735 1205 res
750 1175 818 1219 quus-

37 1230 93 1276 dam
107 1233 204 1291 subesse,
222 1232 254 1278 sie
271 1247 344 1277 unum
360 1232 425 1290 iilud,
440 1231 504 1291 qnod
522 1231 630 1277 continuo
644 1228 735 1275 videtur
750 1231 817 1277 simui

39 1316 92 1347 eum
108 1301 189 1347 iisdem
205 1302 296 1348 obviam
313 1302 370 1361 fieri,
387 1302 464 1363 ipsum
481 1316 528 1348 esse
546 1302 633 1348 censeri
649 1300 718 1346 iubet.

411 1418 441 1464 11.

86 1507 207 1554 Hermesio
222 1509 286 1555 hand
304 1510 356 1556 satis
370 1515 518 1572 perspectum
532 1509 583 1565 fnit,
599 1509 655 1568 lege
672 1507 757 1554 causali
772 1522 818 1553 non

36 1577 137 1636 potuisse
152 1593 177 1621 se
194 1580 225 1621 ita
243 1579 289 1636 nti,
313 1585 338 1623 ut
353 1595 423 1624 unum
440 1579 512 1635 istud,
538 1579 581 1623 nisi
599 1583 669 1636 esset,
690 1592 734 1622 nec
750 1592 818 1637 posse

36 1646 110 1691 rideri
127 1662 175 1692 esse
193 1647 313 1695 diceretur.
346 1648 408 1694 Hinc
423 1649 544 1693 arbitratus
560 1652 600 1704 est,
613 1661 649 1691 res
664 1646 733 1691 etiam
748 1647 816 1706 ipsas,

37 1716 55 1761 si
71 1722 160 1762 tantum
174 1716 305 1763 viderentur
322 1719 361 1764 uni
379 1719 446 1766 alicui
463 1718 590 1776 inhaerere,
603 1732 650 1761 non
664 1715 817 1774 inhaererent,
834 1764 842 1780 Ι,

38 1787 129 1834 obviam
147 1788 197 1833 fieri
213 1804 260 1834 non
275 1804 343 1850 posse
360 1789 456 1847 homini,
476 1807 504 1836 ex
519 1806 547 1836 eo
565 1790 642 1851 igitur,
661 1788 725 1848 quod
744 1793 817 1835 essent

37 1873 74 1904 res
92 1859 185 1920 obviae,
211 1861 367 1907 necessitatem
390 1864 453 1908 effici
472 1862 543 1908 unius.
579 1860 628 1907 Sed
647 1876 720 1919 aeque
738 1876 817 1907 com-

37 1935 164 1975 mentum
183 1936 238 1986 est,
256 1931 302 1976 sive
319 1932 451 1979 Hermesins
469 1933 598 1987 arbitratur,
613 1947 659 1976 res
676 1932 739 1990 illas,
757 1947 817 1992 qnae

37 2001 125 2045 multae
142 1998 231 2045 homini
247 2001 306 2046 intus
324 2002 415 2047 obviam
429 2004 499 2058 fiunt,
522 2018 568 2048 non
586 2016 654 2062 posse
675 2016 738 2046 cnm
759 2015 816 2046 uno
838 2058 840 2062 Ι

38 2071 150 2129 aliquo,
161 2069 226 2128 quod
238 2075 330 2129 praeter
339 2071 398 2129 ipsas
407 2072 518 2130 subsistat,
532 2087 579 2115 non
591 2070 740 2116 contineri
745 2085 752 2122 ;
768 2070 815 2114 sive

37 2138 165 2183 Herbartns
180 2139 315 2198 suspicatur,
330 2139 382 2184 illas
400 2140 482 2185 multas
499 2156 535 2184 res
554 2146 577 2184 et
594 2139 642 2183 hoe
660 2153 731 2182 unum
743 2138 817 2184 rideri

39 2208 167 2254 invicem
185 2223 327 2268 pugnare.

88 2279 125 2322 Ac
143 2278 244 2337 primum
262 2278 357 2336 quidem
380 2283 460 2324 contra
481 2277 563 2337 prius
579 2276 638 2321 illud
661 2284 816 2323 continentum

39 2359 83 2389 non
101 2346 134 2392 sie
152 2347 276 2393 dicendum
294 2352 341 2393 esse
357 2346 426 2404 duco,
444 2352 476 2405 ut,
492 2346 515 2391 in
529 2362 575 2408 quo
591 2363 670 2393 omnes
683 2347 750 2395 facite
761 2363 816 2395 con-

40 2418 152 2475 senserint,
170 2418 194 2465 id
210 2419 371 2467 demonstrem.
400 2418 468 2465 Moci
486 2419 546 2465 enim
563 2419 658 2482 triplicis
675 2420 736 2467 illius
751 2436 817 2467 eom-

39 2489 236 2550 memorationem‚
262 2508 324 2552 quae
341 2490 406 2553 apud
423 2491 531 2537 Nostrum
549 2497 594 2550 est,
620 2509 635 2537 a
655 2492 775 2553 propositi
792 2508 818 2538 re

39 2559 136 2604 alienam
158 2561 237 2620 fuisse,
265 2562 313 2610 hoc
330 2562 426 2623 quidem
448 2569 519 2624 patet.
555 2563 603 2609 Sed
624 2564 716 2609 omnino
739 2565 818 2623 nequit

38 2630 99 2686 ulta,
125 2645 185 2689 quae
208 2634 282 2693 aptior
308 2634 407 2679 adrem
433 2634 472 2693 sit,
498 2634 593 2680 inveniri
620 2635 678 2679 ratio
703 2649 748 2695 pro
775 2626 837 2678 itlo'

38 2705 170 2748 cornmento
189 2701 284 2752 dicendi.
319 2705 381 2749 Nam
398 2704 446 2762 ista,
464 2719 524 2764 quae
541 2706 663 2760 iumentis
681 2703 818 2749 conscientiis

37 2773 71 2816 sui
91 2769 212 2830 reperitur,
231 2777 253 2814 et
269 2774 417 2819 multitudinis
435 2789 511 2819 rernm
528 2779 553 2819 et
570 2773 634 2818 unius
648 2773 741 2818 alicuius
751 2787 817 2818 com-

37 2839 115 2897 plexio
133 2840 180 2884 sive
198 2854 253 2883 vere
267 2854 312 2884 esse
329 2843 376 2888 sive
392 2844 464 2887 inanis
481 2843 567 2902 ingenii
582 2844 643 2886 lnsns
666 2857 713 2885 esse
737 2855 816 2884 cense-

38 2914 81 2964 tur,
96 2908 194 2966 perinde
213 2912 257 2961 est;
274 2916 381 2965 quantum
399 2912 492 2969 quidem
510 2913 534 2955 in
549 2911 674 2971 cogitando
692 2910 757 2952 situm
777 2914 815 2955 est.

39 2975 243 3030 Quemadmodum
261 2978 324 3022 notio
341 2980 461 3024 multarum
477 2995 559 3038 rerum,
573 2981 605 3025 sie
622 2980 686 3039 ipsae
703 2991 739 3023 res
757 2979 817 3024 rnul-
