1732 3169
228 177 263 219 De
278 179 405 221 necessitate
422 178 508 221 diuinae
522 181 664 221 revelationis.

244 344 280 384 111.
309 345 426 383 aaarra
446 346 529 383 raas.
564 335 589 403 ς,
606 338 646 386 15.

258 458 289 488 aa
306 458 458 490 nacassrrnru
476 458 630 507 sarnanum,

97 533 262 568 sacramussa
280 538 381 570 urvrnam
398 539 494 571 orrrnaa
512 540 552 570 aar
569 536 749 572 narnnarronuru
756 519 786 584 1).

101 620 169 669 Mens
187 622 289 670 humana
305 626 392 686 potuit,
408 642 468 687 quae
485 626 529 671 fuit
543 626 656 673 Hermesii
675 626 763 688 opinio,
781 625 839 687 phi-

49 691 196 753 losophando
215 695 245 740 ad
264 695 334 741 deum
351 712 424 754 usque
441 698 492 757 ipsa
502 698 627 756 pervenire.
661 696 762 742 Proinde
772 695 839 741 haud

48 761 118 807 facile
135 763 241 808 habitura
257 770 298 819 est,
318 780 359 810 cur
376 766 425 821 sibi,
441 767 470 811 ab
488 766 536 812 hoc
554 767 697 828 cogitationis
707 773 776 825 atque
785 781 839 811 eru-

49 831 140 877 ditionis
151 834 244 893 fastigio
257 835 417 893 proficiscenti,
434 836 523 882 obviam
540 838 591 882 fore
609 837 734 896 suspicetur
746 836 839 881 revela-

47 901 114 945 tionis
136 902 276 960 reliquarum
300 920 375 950 rerum
407 906 546 965 divinarum¹
561 907 725 953 necessitatem.
760 906 839 964 Atque

49 970 117 1015 etiam
134 974 248 1032 populus,
271 979 359 1019 utnon
377 975 404 1020 sit
422 976 521 1021 eundem
539 977 563 1021 in
585 977 664 1022 locum
681 975 806 1036 perductus
824 990 839 1018 a

48 1047 127 1085 senatu
147 1041 377 1104 philosophantium,
401 1046 545 1107 conspicatus
567 1051 643 1091 tamen
665 1044 728 1090 hunc
749 1045 773 1089 in
790 1049 840 1088 tam

49 1112 174 1171 conspicuo
192 1113 246 1159 loco
262 1115 408 1159 constitutum
424 1122 446 1159 et
462 1115 598 1170 admiratus,
625 1129 696 1175 aegre
714 1129 742 1159 eo
762 1113 840 1159 addu-

48 1185 124 1238 cetur,
143 1188 168 1227 ut
188 1183 363 1229 eruditissimam
379 1190 480 1230 mentem
498 1186 564 1230 istam
580 1185 665 1230 ducem
680 1183 766 1229 abhinc
775 1183 840 1242 sequi

47 1250 110 1296 nolit.
146 1251 180 1297 Ut
198 1253 286 1310 dicam,
306 1253 420 1312 quadres
438 1261 483 1309 est,
500 1269 544 1313 per
562 1269 597 1310 ea,
615 1268 675 1311 quae
693 1254 723 1296 ab
738 1252 841 1297 Herme-

47 1321 81 1364 sio
103 1322 129 1365 in
149 1322 238 1367 duabus
260 1322 305 1367 illis
323 1324 425 1383 partibus
450 1325 565 1384 disputata
592 1328 654 1379 suut,
682 1323 785 1381 quaestio
809 1321 840 1366 ad

48 1389 168 1448 quoddam
186 1391 250 1450 quasi
273 1392 381 1437 dilemma
396 1393 491 1439 redacta
509 1400 548 1438 est.
584 1392 710 1437 Necessitas
726 1393 786 1436 eninr
801 1407 840 1435 re-

47 1459 165 1506 velationis
188 1462 338 1507 existimanda
360 1463 428 1507 fuerit
452 1469 502 1519 aut,
526 1463 545 1507 si
563 1469 595 1506 est
617 1477 702 1522 magna
723 1460 840 1520 quaedam

48 1528 164 1574 humanae
181 1536 275 1576 naturae
291 1532 396 1576 debilitas
415 1538 438 1576 et
455 1532 599 1593 corruptela,
618 1532 686 1576 etiarn
704 1531 766 1591 prius
780 1530 840 1575 inci-

49 1599 119 1658 disse,
138 1605 188 1658 aut,
207 1600 225 1645 si
242 1600 315 1646 levior
332 1600 392 1647 haec
411 1607 455 1661 est,
478 1617 521 1648 nec
538 1600 638 1662 posthac
655 1599 782 1647 necessario
801 1600 839 1644 iu-

48 1685 138 1731 gruere.
174 1670 297 1717 Hermesio
315 1672 418 1731 quidem,
435 1688 464 1717 ne
482 1672 512 1717 ad
530 1674 627 1717 alterum
644 1671 692 1718 hoc
709 1676 769 1715 totus
788 1669 839 1715 fer-

47 1745 125 1796 retur,
148 1741 246 1785 maxime
268 1741 300 1786 ita
318 1748 410 1787 cautum
432 1758 479 1787 esse
502 1741 634 1801 videbatur,
656 1746 682 1785 ut
703 1740 839 1800 bipartitum

48 1811 147 1871 fingeret
164 1826 238 1871 genus
254 1810 388 1869 humanum,
405 1812 538 1872 bipartitam
556 1811 702 1857 revelationis
714 1826 742 1856 ac
756 1825 838 1856 neces-

48 1879 117 1925 sitatis
135 1881 320 1940 auctoritatisque
333 1881 401 1926 huius
418 1883 537 1927 rationem.
573 1882 640 1927 Haec
663 1880 783 1925 hominum
801 1880 839 1924 vel

48 1948 265 2010 philosophantium
281 1952 319 1996 vel
337 1967 382 1996 non
397 1950 614 2013 philosophantium
633 1951 721 1997 diversa
739 1965 766 1995 ac
781 1964 839 1994 con-

47 2019 117 2064 traria
126 2021 225 2067 invicem
235 2021 336 2066 conditio
350 2036 393 2081 per
404 2027 476 2068 totam
485 2021 546 2068 hanc
555 2021 607 2067 libri
617 2027 721 2082 partem,
741 2033 800 2079 quae
814 2018 839 2063 in

48 2089 164 2136 humanae
187 2096 210 2135 et
234 2091 322 2137 divinae
340 2093 421 2138 mentis
442 2094 501 2137 inter
519 2108 543 2138 se
566 2092 711 2138 contentione
727 2092 837 2145 versatur,

47 2160 139 2220 perlata
156 2166 195 2208 est.
232 2160 337 2207 Cernitur
353 2162 377 2207 in
396 2167 423 2209 ea
440 2164 511 2208 exitus
523 2160 703 2223 praeparationis
720 2157 788 2203 huius
799 2173 838 2202 re-

47 2245 98 2274 rum
110 2230 140 2274 ad
151 2230 298 2292 theologiam
310 2234 492 2280 necessariarum.
529 2232 634 2277 Cernitur
647 2230 671 2274 in
686 2229 768 2273 eidem
784 2227 837 2272 uni-

48 2314 114 2345 versa
128 2300 181 2356 illa,
206 2316 277 2360 quam
294 2303 426 2348 Hermesius
443 2304 466 2347 in
490 2302 580 2361 reliquis
595 2300 658 2344 libris
678 2304 767 2344 secutus
785 2298 838 2356 fuit,

48 2369 106 2414 ratio
126 2383 197 2414 novas
219 2385 256 2417 res
273 2371 418 2433 theologicas
437 2374 461 2418 in
485 2375 549 2419 sacra
567 2369 688 2431 republica
709 2367 838 2413 catholico-

48 2455 100 2486 rum
121 2438 239 2485 moliendi.
274 2441 378 2488 Primam
402 2442 462 2489 enim
484 2441 626 2503 singulorum
650 2438 736 2485 Christi
758 2439 837 2485 ecole-

49 2511 141 2570 siaeque
163 2515 342 2571 praeceptorum
363 2511 519 2573 interpretatio
542 2526 635 2557 ecesse
658 2509 753 2566 debuit,
777 2524 837 2569 quae

48 2586 153 2628 naturam
171 2594 199 2625 ac
217 2581 263 2627 vim
281 2581 378 2628 referret
395 2584 487 2628 illarum
504 2582 630 2637 rationum,
653 2596 682 2626 ex
700 2581 781 2641 quibus
797 2593 836 2622 re-

7 2660 9 2663 ’
48 2652 121 2714 petita
138 2650 212 2696 fuerat
230 2653 350 2699 necessitas
373 2648 474 2714 aliquam
495 2654 581 2699 tactam
608 2667 656 2699 esse
674 2650 835 2697 revelationem

50 2721 181 2768 arbitrandi.
216 2723 308 2768 Deinde
329 2724 353 2767 in
374 2723 423 2771 hoc
444 2726 495 2784 ipso
517 2723 624 2769 universa
643 2719 779 2768 auctoritatis
795 2717 835 2763 vel

51 2791 143 2839 Christo
160 2790 199 2837 vel
216 2793 327 2839 ecclesiae
342 2791 475 2840 tribuendae
492 2798 514 2839 et
530 2794 587 2840 fidei
605 2794 694 2853 utrique
711 2787 835 2834 habendae

53 2910 194 2921 m

109 2977 131 3031 1)
145 2979 238 3018 Hermes.
248 2978 264 3020 l.
274 2991 292 3019 c.
302 2990 349 3031 pag.
361 2977 436 3021 504-
444 2979 494 3021 613,
676 3028 693 3076 5
