1732 3169
113 186 148 227 De
165 185 275 229 ruat-mit·
287 185 322 230 dei
338 188 508 231 theoreticis
522 204 549 231 ee
565 190 633 231 cortsr's
648 188 777 231 necessaria.
812 183 847 230 53

57 325 118 365 nem,
137 325 183 370 qua
198 310 284 356 factum
302 311 377 370 fuerit,
400 317 427 357 nt
442 328 510 357 causa
528 328 635 375 suprema
651 312 763 360 creaverit
777 328 846 358 muu-

57 379 121 436 dum,
139 380 170 425 ita
188 381 211 425 in
227 381 307 427 naturt
320 381 387 425 huius
406 383 470 427 sitam
488 385 581 442 censuit,
603 389 628 428 ut
639 383 698 428 haec
715 384 747 428 ad
763 398 845 429 crean-

58 449 113 494 durn
134 466 180 495 non
204 465 248 511 per
270 451 426 496 necessitatem
451 452 568 511 quandam
589 452 657 498 fuerit
684 452 843 506 determinata,

57 520 99 565 sed
117 535 160 582 per
181 520 309 566 libertatem
328 536 392 567 suam
411 522 462 583 ipsa
481 537 506 566 se
526 522 715 568 determinaverit.
756 522 794 580 Si,
818 529 844 567 ut

55 590 112 653 ipsis
130 591 179 637 fere
199 590 274 637 verbis
296 591 343 637 eius
363 596 426 649 utar,
452 591 563 637 rationem
582 608 645 651 eam,
670 609 716 654 qua
735 608 844 655 suprema

56 667 80 707 et
101 668 193 709 aeterna
214 677 282 707 causa
301 662 409 708 exstiterit
431 677 511 719 causa,
534 663 557 708 in
576 663 688 711 obiectiva
710 663 777 711 huius
801 680 843 709 na-

56 733 108 781 turir
128 734 202 791 cerni,
224 734 302 791 itaque
320 733 442 794 physicam
459 732 519 779 hanc
542 749 633 780 causam
652 751 696 797 per
717 735 843 781 necessita-

55 808 103 850 tem
125 810 219 850 naturae
242 817 297 849 suae
323 819 412 850 creasse
430 820 520 850 censes:
547 806 701 867 consequitur,
725 811 844 852 aeternam

54 875 211 935 infinitamque
236 874 373 920 censendam
398 891 447 922 esse
473 876 586 922 finitarum
612 892 730 923 causarum
752 876 843 935 seriem,

56 952 86 1005 et,
107 947 215 1006 quoniam
237 945 296 991 ultra
321 946 381 992 hanc
404 946 460 991 nihil
485 953 562 1008 potest
585 949 681 1009 cogitari
699 964 760 1006 esse,
789 947 842 992 tolli

55 1032 148 1062 cansam
166 1031 303 1078 supremam.
344 1017 386 1063 Sin
404 1018 515 1062 rationem
532 1018 594 1063 iiiam
612 1018 636 1063 in
657 1016 784 1064 subiectivd
804 1017 843 1062 dei

54 1086 135 1132 naturai
155 1087 223 1143 cerni,
244 1086 322 1146 itaque
342 1087 442 1132 ethicam
461 1087 521 1132 hauc
540 1102 631 1133 causam
649 1104 693 1149 per
712 1089 843 1133 libertatem

53 1156 175 1202 voluntatis
198 1170 252 1202 suae
271 1171 360 1202 creasse
379 1171 471 1203 censes:
498 1157 611 1202 actionem
630 1157 678 1202 eius
700 1172 747 1202 non
767 1158 842 1201 minus

16 1237 18 1240 “
54 1232 182 1284 aeternam,
204 1225 247 1270 sed
266 1227 295 1271 ab
316 1232 410 1271 aeterne
428 1227 453 1270 in
470 1225 727 1282 volendoconstitisse,
753 1242 767 1269 a
781 1232 842 1270 tem-

53 1312 114 1357 pore
137 1294 240 1356 quodam
264 1296 333 1340 etiam
356 1295 380 1339 in
405 1295 505 1340 creando
531 1295 647 1355 prodiisse
669 1294 736 1349 dieis;
767 1310 843 1354 neque

52 1366 134 1424 habes,
151 1380 192 1411 cur
205 1365 264 1409 inter
278 1364 403 1411 volendum
419 1369 442 1409 et
457 1364 581 1410 creandum
595 1363 695 1410 mediam
710 1366 842 1425 interponas

52 1436 100 1482 vim
117 1435 196 1493 ullam,
216 1435 294 1493 itaque
314 1437 464 1480 mutationem
480 1435 513 1479 illi
532 1449 614 1480 causae
632 1434 742 1480 accidisse
758 1436 840 1495 fingas.

104 1505 171 1552 Haec
190 1505 305 1548 creatricis
321 1509 415 1549 naturae
430 1504 467 1548 dei
482 1504 614 1549 existimatio
634 1505 758 1564 primum
778 1503 840 1547 hanc

51 1574 110 1621 falsi
129 1571 222 1619 notione
241 1575 287 1618 τοῦ
303 1569 373 1630 ὄντος
394 1574 501 1633 corrupit.
545 1573 624 1618 Potest
644 1573 691 1618 eius
713 1574 759 1618 τοῦ
773 1569 839 1630 εἶναι,

53 1643 117 1706 quod
136 1643 180 1689 deo
193 1642 306 1699 tribueris,
327 1658 355 1688 ea
372 1644 434 1687 natio
452 1647 527 1687 mente
544 1642 669 1702 informari,
692 1642 716 1686 in
729 1640 775 1702 qua
787 1641 839 1703 ipsa

51 1711 93 1762 sita
112 1715 139 1761 sit
156 1713 279 1759 necessitas
300 1712 432 1774 prodeundi
449 1713 473 1757 in
492 1711 600 1759 creando.
643 1712 721 1771 Atque
740 1727 768 1757 ea
787 1712 839 1772 qui-

52 1787 106 1833 dem
123 1785 255 1842 necessitas,
278 1784 324 1844 quia
341 1783 417 1846 positia
434 1798 478 1831 nec
500 1798 607 1845 suprema
626 1798 694 1829 causa
719 1782 778 1828 ultra
802 1783 839 1827 in-

50 1857 138 1903 finitam
150 1855 264 1901 finitarum
277 1870 396 1901 causarum
410 1855 492 1900 seriem
506 1870 567 1911 esse,
588 1854 667 1913 itaque
682 1854 774 1899 omnino
793 1868 840 1898 non

52 1944 102 1974 esse
126 1926 225 1984 dicatur,
260 1941 304 1972 nec
328 1926 372 1971 deo
390 1925 488 1970 alterum
506 1924 562 1985 qnid
575 1924 671 1984 aequale
690 1924 711 1970 ei
727 1923 840 1984 adiunga-

51 2006 102 2056 tur,
128 1997 238 2059 temporis
259 2012 313 2043 vero
338 2003 361 2042 et
380 1996 509 2042 mutationis
537 1995 595 2041 ratio
621 2010 635 2040 a
659 1995 704 2041 deo
728 1999 838 2042 arceatur.

50 2070 130 2132 Ipsam
147 2070 216 2130 igitur
238 2068 339 2128 supremi
357 2068 417 2112 itlius
436 2069 482 2113 τοῦ
502 2061 572 2123 ὄντος
590 2071 693 2111 naturam
714 2066 736 2110 in
758 2079 839 2109 neces-

51 2138 109 2186 sariis
132 2145 155 2183 et
179 2137 313 2183 aeternari
337 2142 360 2182 et
386 2137 523 2182 efficacitate
545 2136 655 2182 esseutiae
681 2134 742 2180 cerni
772 2133 835 2179 dico.

51 2211 160 2271 Pugnare
178 2209 276 2260 invicem
293 2208 330 2252 vix
348 2208 452 2267 cuiquam
470 2207 580 2263 videatur,
599 2207 617 2251 si
635 2204 690 2264 quid
708 2209 731 2249 et
749 2218 799 2249 esse
815 2209 839 2249 et

51 2279 152 2342 prodere
164 2287 195 2323 'se
208 2293 260 2324 esse
273 2277 362 2323 dicitur.
398 2278 448 2322 Nee
467 2277 530 2335 dens,
548 2274 622 2337 positi
637 2273 755 2318 creationis
768 2289 838 2318 mun-

52 2350 121 2410 dique
139 2349 278 2404 aeternitate,
295 2348 354 2392 nltra
371 2348 482 2392 infinitum
499 2345 610 2391 mundum
626 2359 682 2400 esse,
699 2344 775 2403 itaque
790 2358 838 2388 non

52 2435 102 2466 esse
120 2417 207 2463 dicitur.
242 2418 302 2460 Nam
320 2418 429 2461 terminus
444 2416 529 2474 mnndi,
547 2416 605 2460 ultra
618 2429 686 2473 quern
705 2414 740 2470 sit,
758 2414 839 2459 subla-

51 2497 87 2535 tus
104 2493 144 2535 est.
179 2486 229 2530 Nec
248 2485 315 2540 deus,
338 2485 438 2544 probati
454 2486 492 2528 illa
509 2486 555 2530 τοῦ
569 2479 640 2539 ὄντος
656 2484 749 2529 notione
768 2489 838 2543 atque

53 2554 221 2618 comprehensa
237 2553 305 2598 causi
323 2568 375 2598 cum
393 2569 428 2612 eo,
447 2554 510 2613 quod
527 2554 585 2598 haec
601 2552 705 2597 effecerit
717 2553 837 2609 efficiatre,

53 2641 105 2675 cum
123 2623 209 2670 mundo
228 2623 387 2666 commiscetur
405 2628 444 2667 aut
460 2622 498 2666 hic
517 2622 600 2667 eodem
618 2637 664 2681 quo
675 2622 715 2668 itte
728 2624 780 2667 loco
793 2622 837 2664 ha-

52 2698 125 2742 betur.
161 2694 221 2737 Nam
239 2691 351 2751 cogitabis
370 2706 419 2736 esse
437 2690 522 2749 aliquid
536 2696 628 2751 praeter
646 2706 744 2747 causam,
761 2688 836 2733 idem-

31 2780 98 2825 -que
116 2776 166 2807 esse
187 2776 230 2821 per
251 2775 356 2815 causam,
386 2760 489 2816 quamvis
515 2760 595 2804 neutri
620 2764 707 2806 ratione
733 2758 836 2817 coeperit

53 2850 111 2881 esse.
128 2856 164 2866 —
185 2831 286 2874 Necesse
304 2844 358 2873 vero
377 2829 444 2872 etiam
460 2833 506 2886 est,
534 2824 562 2876 ad
582 2823 611 2877 iio
630 2828 669 2874 illa
685 2827 836 2888 potissimum,

54 2900 198 2964 quamdin,
225 2899 316 2944 notione
332 2897 505 2958 comprehendi.
541 2899 570 2944 ln
590 2899 633 2943 deo
653 2913 701 2942 esse
719 2901 742 2939 et
759 2911 838 2956 agere,

54 2976 114 3022 velle
133 2978 155 3020 et
171 2970 248 3018 iacere
267 2985 280 3016 a
298 2984 323 3017 se
341 2968 438 3016 invicem
457 2983 501 3015 nec
521 2970 614 3018 differre
632 2982 675 3013 nec
693 2980 749 3016 vero
770 2967 838 3012 etiarn
