1732 3169
55 177 88 222 34
159 177 303 233 Philosophiae
317 175 424 217 Heruzesii
439 145 492 215 Pare
503 176 523 219 1.
539 175 639 228 Qucuestio
650 175 682 220 ΙΙ,
698 172 716 241 §3
725 175 747 217 7.

106 302 160 347 Non
175 298 241 357 potui
259 312 305 358 ego
323 296 439 358 equidem,
457 312 518 357 quae
536 302 585 342 erat
602 297 635 342 rei
652 297 786 359 propositae
802 312 841 342 ra-

55 374 93 429 tio,
110 370 244 431 gravitatem
260 373 283 412 et
298 367 472 430 amplitudinem
487 368 605 413 universae
620 366 689 413 huius
705 368 845 431 quaestionis

53 440 184 486 tractatione
201 437 284 483 imitari
301 444 325 483 et
339 437 434 497 assequi.
469 438 517 482 Sed
535 438 600 482 nefas
618 452 668 482 esse
685 438 795 494 dixeram,
812 438 842 483 ab

52 508 172 555 Hermesio
189 513 263 553 toturn
286 506 349 555 hunc
370 509 540 568 locumpaeue
562 509 747 567 praetermissum
765 508 842 563 fuisses

52 578 158 640 Inprimis
178 577 282 639 neglexit
298 578 338 624 ille
357 578 485 625 ethicorum
502 583 525 623 et
543 584 669 625 ceterarum
688 576 841 623 humanarum

51 664 129 694 rerum
143 648 202 693 inter
219 663 245 694 se
260 648 438 703 connexionem3
455 646 511 694 hinc
521 664 579 704 eam,
594 663 664 707 quam
673 646 734 693 haec
744 647 841 709 flagitat,

52 719 176 765 modorum
194 718 226 764 de
243 719 324 765 ethicis
341 718 499 780 praecipiendi
515 718 660 775 varietatem,
687 724 756 778 atque
780 717 841 762 adeo

52 789 116 836 modi
130 789 185 846 eius,
203 803 251 849 quo
266 789 344 835 ethica
361 791 384 835 in
395 789 526 835 hominibus
538 789 662 851 prodeunt,
680 788 841 834 diversitatem.

105 859 142 907 De
159 859 206 906 hac
226 859 297 922 igitur
320 862 354 907 sic
377 860 486 907 existimo.
531 860 638 907 Tribus
659 859 852 916 notionibus,

54 937 94 978 aut
110 931 211 977 officii
227 938 267 977 aut
283 931 353 978 honi
371 938 410 978 aut
427 931 546 993 placiti,
563 931 623 977 illud
640 947 688 991 quo
700 931 805 977 homines
817 932 841 976 in

55 1002 148 1065 agendo
162 1003 210 1049 sive
225 1002 326 1048 debeant
338 1001 392 1049 duci
407 1002 454 1048 sive
469 1002 588 1059 ducantur,
605 1002 773 1064 comprehendi
782 1015 841 1048 con-

54 1074 132 1121 suevit.
166 1073 207 1121 Ad
224 1073 281 1120 duas
299 1089 353 1127 vero
369 1073 445 1136 redigi
461 1088 504 1133 par
522 1081 556 1119 est
572 1079 617 1118 tres
635 1072 678 1120 has
696 1073 782 1120 ethicas
797 1089 841 1119 no-

53 1146 134 1194 tiones.
169 1145 244 1190 Recte
262 1144 420 1192 discernuntur
436 1144 540 1190 officium
558 1149 581 1189 et
600 1145 696 1191 bonum.
735 1145 842 1198 Alterum

55 1217 86 1261 ab
102 1215 151 1261 hoc
168 1216 310 1275 appellatur,
337 1214 400 1274 quod
420 1213 506 1270 homo,
532 1215 551 1260 si
568 1229 638 1274 quam
655 1230 705 1260 rem
723 1220 762 1260 aut
779 1215 842 1260 videt

46 1292 96 1329 aut
110 1291 176 1345 putat
190 1300 237 1329 non
254 1285 296 1341 toti
313 1300 366 1329 snae
379 1291 472 1342 naturae
487 1285 514 1341 ei,
532 1299 592 1344 quae
606 1291 647 1342 est,
665 1285 756 1345 aequali
769 1285 841 1330 modo

56 1355 190 1412 convenire,
213 1355 287 1400 alieno
303 1355 405 1415 quodam
422 1354 522 1415 impulsu
538 1355 707 1416 permovendus
723 1362 762 1400 est.
797 1355 842 1400 Al-

54 1431 130 1477 terum
148 1425 178 1470 ab
196 1424 250 1483 hoc,
268 1426 332 1485 quod
351 1425 381 1470 ad
397 1440 454 1482 rem,
471 1440 531 1484 quae
543 1425 587 1484 ipsi
602 1426 624 1470 ei
642 1425 731 1471 videtur
744 1440 842 1471 consen-

54 1500 122 1540 tanea
137 1509 185 1539 esse
198 1500 299 1550 naturae,
317 1496 377 1539 ultro
388 1494 511 1540 contendit.
545 1495 659 1539 Placitum
669 1500 746 1540 autern
756 1510 770 1538 a
778 1496 841 1540 bono

54 1578 101 1607 non
123 1563 258 1609 discernitur
274 1564 326 1620 nisi,
350 1563 492 1608 utbreviter
513 1562 619 1621 dixerim,
645 1564 842 1623 quemadmodum

54 1633 189 1679 discernitur
205 1647 241 1681 res
258 1634 282 1678 in
292 1634 393 1691 homine
411 1633 526 1693 cogitante
544 1638 567 1677 et
583 1632 698 1679 iudicante
716 1633 757 1677 sita
775 1634 842 1677 abre

54 1696 145 1748 obiectet
165 1701 260 1748 homini.
306 1703 402 1748 Placere
427 1708 465 1746 ant
488 1702 611 1762 displicere
637 1703 685 1748 sive
707 1703 778 1748 menti
795 1702 842 1748 sive

55 1771 168 1827 sensihuS,
186 1777 222 1816 est
235 1771 307 1816 rideri
325 1788 373 1817 esse
391 1777 414 1816 et
433 1771 516 1816 haberi
532 1772 620 1821 honum
637 1777 677 1817 aut
694 1772 788 1818 malurn.
806 1797 842 1806 ——

53 1838 131 1886 Maius
148 1845 225 1885 autem
241 1841 300 1885 illud
318 1848 363 1898 est,
381 1841 446 1901 quod
463 1842 493 1886 ab
511 1841 604 1902 antiquo
621 1846 728 1903 tempore
746 1841 776 1887 de
793 1839 841 1887 hoc

53 1910 224 1969 quaesiverunt,
251 1912 276 1956 in
293 1915 343 1957 uua
360 1926 389 1957 ex
405 1912 449 1957 illis
464 1912 594 1958 notionibus
608 1912 841 1974 maiorempliorque

53 1996 103 2027 esse
120 1981 244 2028 censenda.
257 1982 285 2027 sit
301 1982 387 2028 uirtutis
411 1987 434 2029 et
455 1997 507 2029 usus
528 1984 672 2044 praestantia.
707 1983 840 2029 Hermesius

50 2058 115 2111 recte
136 2052 201 2099 illam
224 2053 288 2113 quasi
308 2053 445 2100 nobiliorem
468 2054 561 2101 volendi
584 2054 716 2114 agendique
732 2055 839 2113 formam,

51 2139 111 2183 quae
125 2123 149 2169 in
163 2123 252 2185 placito
270 2123 317 2170 sive
333 2125 395 2170 hono
411 2125 561 2185 conspicitur,
585 2122 667 2171 habuit
683 2140 730 2170 nou
748 2140 839 2185 prorsus

50 2194 149 2240 alienam
166 2194 263 2255 quidem
278 2195 308 2240 ab
324 2193 425 2241 humans
441 2200 533 2251 nature,
558 2210 633 2254 neque
651 2210 706 2240 vero
726 2196 798 2241 solam
816 2201 840 2242 et

50 2280 144 2325 quoquo
160 2265 232 2311 modo
249 2265 270 2311 ei
285 2267 464 2313 convenientem.
501 2266 640 2325 Quicunque
656 2266 785 2313 maluerunt
800 2271 839 2312 aut

51 2336 113 2381 velut
134 2336 223 2382 Kantus
246 2336 271 2382 in
288 2336 361 2383 officii
389 2342 428 2382 aut
445 2337 508 2382 velut
525 2335 688 2383 Herbartus
709 2336 734 2382 in
757 2336 839 2398 placiti

51 2406 144 2452 notione
165 2413 188 2454 et
208 2407 285 2455 format
309 2407 437 2454 universam
459 2407 489 2453 de
506 2406 608 2452 moribus
625 2407 783 2469 praecipiendi
798 2424 838 2453 ra-

50 2475 136 2522 tionem
153 2478 269 2525 continere
289 2494 360 2539 quarn
382 2484 503 2538 utramque
519 2477 583 2523 illam
600 2478 624 2523 in
640 2478 687 2526 hac
704 2478 837 2538 complecti,

50 2544 67 2590 ii
85 2560 128 2591 nec
145 2553 248 2594 naturam
264 2564 308 2596 nec
327 2548 481 2600 conditionem
494 2548 614 2596 hominum
631 2564 695 2606 earn,
717 2564 777 2608 quae
795 2553 836 2606 est,

50 2615 123 2662 secuti
139 2615 206 2664 fuisse
222 2619 333 2666 videntur.
376 2618 455 2666 Minus
477 2624 540 2678 recte
562 2634 632 2665 unam
652 2619 777 2666 formulam
798 2617 836 2664 vel

48 2758 183 2809 gravitatem,
200 2754 276 2795 scillcet
284 2758 343 2798 vultu
354 2764 374 2797 et
383 2755 457 2798 habitu
465 2764 558 2811 turpem,
575 2770 587 2796 a
596 2755 734 2810 pulcritudine
746 2755 835 2794 111101σί-

47 2815 105 2854 litare
114 2813 219 2854 humanae
228 2820 311 2853 naturae
321 2815 471 2856 abhorrentem.
493 2815 536 2856 Sed
546 2816 595 2855 nolo
604 2814 656 2854 haec
666 2815 770 2869 persequi.
789 2815 835 2866 Ap*

48 2881 115 2922 paret,
133 2871 267 2911 Herfflflsium
279 2883 321 2922 non
336 2873 442 2926 debuisse,
467 2888 532 2928 quum
545 2874 631 2926 plurimi
646 2875 668 2911 in
682 2873 723 2917 mitt
743 2869 834 2924 quadam

48 2935 131 2969 naturae
142 2929 247 2970 humanae
259 2934 317 2981 parte
327 2930 417 2970 studium
426 2935 560 2979 continerent,
575 2933 598 2969 in
609 2930 672 2969 alterii
683 2927 773 2984 quadarn
784 2930 832 2980 und,

49 2989 141 3038 quamvis
151 2991 247 3037 omnium
255 2985 405 3038 honestissimi,
420 2991 562 3042 quaestionem
574 2989 684 3028 continere.
