1732 3169
93 218 95 224 .
130 182 165 224 De
178 182 276 225 ethicd
293 185 419 241 necessitate
435 182 548 236 credendi,
573 197 620 227 esse
636 182 706 226 derrm.
778 174 813 223 61

29 311 89 353 tutes
106 321 160 353 num
177 308 264 369 possint
282 324 318 366 eo,
339 325 386 370 quo
403 326 447 372 par
464 302 504 367 est,
523 307 654 355 eruditionis
671 307 726 354 loco
741 305 813 367 potiri

31 384 54 423 et
72 378 244 439 ambiguitatem
262 386 355 426 naturae
379 396 433 426 suae
452 395 559 441 superare
580 395 624 441 per
648 378 721 426 solam
742 377 812 422 huius

29 448 101 509 ipsius
117 449 164 493 vim
179 455 204 493 et
220 455 371 509 potestatem,
399 450 448 496 hoc
465 465 573 511 magnam
595 449 668 495 habet
684 448 811 494 dubitatio-

29 533 89 565 nem.
132 518 265 565 Generatim
283 520 407 566 dicentium
430 520 461 566 de
482 518 584 566 universi
604 518 651 566 hac
673 519 741 566 causei
763 533 811 563 non

29 593 125 649 possunt
140 604 188 634 esse
205 590 246 634 nisi
264 590 353 634 somnia
367 605 432 636 vana.
469 590 497 634 ln
515 588 543 634 ei
558 604 622 646 vero,
639 605 699 649 quae
713 590 810 649 quidem

30 658 149 718 hucusque
165 665 258 719 reperta
275 660 299 703 in
316 658 446 704 hominibus
465 665 509 715 est,
529 659 621 705 iliarum
638 661 747 705 virt-utum
769 674 810 704 ua-

30 727 81 773 turri
96 728 236 787 erudiendi,
254 728 367 788 quidquid
384 729 472 774 Kantus
489 729 576 785 dixerit,
594 729 652 775 illud
669 730 712 775 fuit
728 744 810 774 neces-

30 799 125 855 sarium,
147 799 238 855 utilia,
262 813 322 858 quoe
339 799 425 844 dehent
442 815 501 856 esse,
524 814 568 860 per
584 798 657 857 haec,
681 804 810 860 quaesunt

29 869 134 915 futurave
152 875 215 926 sunt,
239 884 309 929 posse
326 885 375 915 esse
387 869 534 916 crederentur
549 885 576 916 ac
592 877 655 917 recte
668 871 731 917 credi
747 869 810 915 iudi-

29 946 141 986 carentur.
176 940 203 985 ln
222 939 303 986 cidem
320 939 374 1000 hac,
391 956 451 1001 quae
466 940 632 1001 trichomane
648 941 810 986 naturdeffin-

29 1011 107 1072 genoe
129 1026 175 1055 non
197 1010 248 1055 satis
265 1010 385 1056 valuerunt
405 1012 460 1057 illae
479 1013 582 1069 virtutes,
601 1013 643 1057 nisi
664 1013 809 1068 credebatur,

29 1083 58 1126 ab
77 1081 176 1128 eisdem
193 1081 237 1127 uni
255 1081 354 1142 quddam
368 1088 445 1128 mente
462 1088 485 1127 et
506 1082 567 1143 ipsas
583 1081 634 1127 illas
656 1087 678 1128 et
696 1082 810 1141 reliquam

28 1151 148 1198 hominum
165 1158 338 1212 ceterarumque
361 1153 463 1199 omniurn
485 1167 561 1199 rerum
582 1160 688 1198 naturam
704 1168 734 1198 ac
752 1168 810 1199 con-

28 1222 167 1269 iunctionem
185 1223 302 1283 profectas
317 1238 366 1269 esse
384 1238 412 1271 ac
429 1223 536 1270 continuo
555 1223 685 1284 gubernari.
704 1223 811 1269 ¹Necesse

29 1294 89 1339 enim
109 1300 150 1348 est,
167 1294 215 1338 visa
230 1292 299 1338 fuerit
313 1292 373 1339 haec
387 1294 438 1354 ipsa
454 1298 505 1338 tum
521 1295 640 1353 utriusque
656 1293 748 1355 generis
762 1299 812 1338 tum

27 1363 175 1409 universitatis
191 1378 278 1420 eorum,
296 1378 356 1423 qnae
373 1368 435 1422 sunt,
461 1363 639 1423 comprehensio
656 1363 768 1424 prodiisse
783 1378 811 1409 ac

26 1433 123 1495 prodire
147 1439 170 1478 et
191 1439 300 1493 tanquam
316 1434 423 1495 exemplo
442 1434 589 1494 comprobari
606 1435 629 1479 in
649 1434 713 1479 nnius
729 1434 810 1479 mentis

27 1506 52 1550 vi
67 1497 177 1550 creatrice
194 1510 217 1548 et
235 1503 289 1550 cnrit
305 1503 472 1562 moderatrice,
495 1504 602 1549 universis
619 1496 746 1564 iisdemque
771 1503 810 1548 vel

27 1573 119 1636 physici
139 1573 178 1619 sel
201 1572 272 1619 ethici
292 1574 382 1635 generis
399 1575 466 1620 rebus
487 1573 613 1634 praefecti.
653 1573 694 1620 Sic
716 1572 810 1619 tandem

27 1644 141 1691 videbitur
157 1642 256 1688 hominis
275 1658 335 1701 esse,
360 1644 458 1690 candem
479 1643 571 1704 physici
595 1648 618 1689 et
638 1643 708 1689 ethici
725 1644 810 1689 harum

27 1715 117 1777 generis
133 1714 313 1760 convenientiam
330 1716 375 1759 suis
392 1715 459 1760 rebus
470 1714 636 1759 conciliandam
652 1714 733 1762 moliri.
759 1714 809 1759 Nisi

28 1786 96 1843 enim,
109 1784 228 1829 Platonem
248 1789 348 1840 secutuS,
366 1783 466 1841 homini,
488 1791 664 1844 quantacunque
682 1791 716 1829 est
733 1799 810 1829 rerum

27 1854 96 1900 huius
110 1855 214 1910 tenuitas,
229 1854 299 1899 deum
316 1854 385 1899 etiarn
402 1854 537 1900 imitandum
555 1855 710 1916 proposueris,
733 1854 819 1900 ethich,

27 1925 122 1984 quidem
140 1925 227 1969 ratione
244 1923 364 1969 hominem
388 1925 419 1970 ad
442 1925 512 1971 deum
537 1925 593 1971 ferri
610 1940 656 1970 non
674 1925 747 1972 dices,
784 1924 810 1969 si

26 1996 78 2056 quis
95 1996 119 2040 in
138 1993 185 2041 hoc
203 1993 338 2051 substiterit,
360 2001 385 2039 nt
407 1994 494 2041 habeat
516 1995 559 2041 sibi
581 2010 726 2058 persuasum,
744 1994 809 2054 quod

26 2081 73 2111 non
91 2071 137 2110 tam
155 2064 279 2126 persuadet
294 2080 364 2125 quam
379 2066 480 2114 inculcat
497 2066 603 2113 continua
620 2067 654 2111 vis
671 2081 746 2110 rerum
762 2064 808 2110 cir·
844 2079 864 2100 τ

26 2135 196 2193 cumiectarum,
213 2135 335 2182 crediderit
352 2136 429 2197 igitur,
447 2152 494 2182 non
512 2137 536 2182 in
553 2138 605 2182 solis
622 2135 751 2180 hominihus
768 2149 807 2179 re-

25 2207 97 2251 busve
117 2206 171 2267 ipsis
193 2222 245 2252 eam
273 2221 334 2265 quae
357 2209 443 2254 cunctis
465 2207 583 2253 suffecerit
604 2206 714 2250 rationem
742 2204 808 2265 sitam

26 2290 85 2321 esser
104 2275 123 2319 is
140 2275 233 2321 minime
255 2275 351 2322 habebit
369 2293 410 2324 cur
428 2278 498 2324 deum
513 2277 656 2338 potissimum
669 2273 808 2320 universitati

23 2359 99 2391 rerum
118 2359 224 2404 praeesse
242 2346 369 2391 arbitretur.

75 2414 128 2459 Non
146 2413 200 2459 dico
218 2420 257 2459 aut
271 2429 315 2472 pro
333 2413 492 2476 cosmologicd
504 2420 543 2460 ant
559 2428 603 2475 pro
618 2412 695 2458 ethici
711 2412 808 2470 ratione,

24 2499 71 2544 qua
87 2483 160 2528 homo
178 2481 208 2525 ad
227 2482 296 2527 deum
313 2485 441 2528 necessario
459 2484 552 2530 feratur.
586 2483 644 2527 Dico
661 2481 808 2528 adversus

24 2551 244 2613 separationem
267 2552 492 2613 cosmologicae
514 2559 542 2597 et
570 2551 687 2596 ethicae
717 2567 807 2613 argu-

23 2620 223 2668 mentationis.
260 2620 367 2678 Namque
384 2622 499 2680 separatio
516 2621 558 2667 ista
575 2621 655 2681 genuit
671 2621 736 2666 iiiam
754 2634 806 2665 cos-

23 2690 134 2751 mologici
155 2689 283 2751 argumenti
305 2691 440 2747 vanitatem,
461 2704 531 2749 quam
553 2690 686 2737 Hermesius
709 2703 737 2735 ex
758 2687 807 2734 hoc

24 2761 122 2807 eximere
138 2774 184 2804 non
199 2760 288 2818 potuit,
306 2764 375 2817 atque
392 2760 456 2804 iliam
475 2759 544 2805 ethici
562 2760 691 2822 argumenti
708 2772 806 2816 corrup-

22 2831 119 2886 tionem,
147 2844 216 2887 quam
239 2844 254 2872 a
276 2828 353 2873 Kanto
375 2829 491 2888 proficisci
512 2831 613 2889 potuisse
631 2829 744 2873 miramur.
778 2826 806 2871 In

23 2899 167 2946 hermesiano
190 2898 231 2942 illo
253 2897 325 2942 modo
348 2898 505 2960 cosmoiogice
532 2896 679 2946 ratiocinandi
705 2895 807 2941 solutum

22 2971 66 3017 fuit
80 2970 210 3029 vinculum,
228 2984 274 3029 quo
288 2967 386 3031 physica
405 2975 427 3016 et
445 2969 521 3019 ethica
537 2971 595 3017 inter
616 2982 664 3014 sese
686 2964 807 3013 eontinen-
