1732 3169
28 215 63 264 52
115 218 259 273 Philosophiae
271 216 378 257 Hermesta·
392 215 445 256 Pars
455 215 490 263 ΙΙ.χ
502 215 601 266 Quaestio
612 215 644 258 II.
657 214 676 270 ξ.
688 216 724 258 13.

78 338 198 385 Accedunt
213 336 258 380 alia
273 336 333 396 duo,
351 336 435 395 quihus
451 336 523 381 robur
541 338 746 397 argumentationis
760 336 815 381 her-

29 408 140 455 mesianae
153 403 294 466 infringatur.
330 405 391 467 Legi
408 406 505 462 causali,
526 405 550 450 in
565 422 611 465 qua
626 411 700 450 totum
718 405 766 453 hoc
784 406 815 450 si-

30 485 77 523 tum
95 481 140 531 est,
158 475 271 537 refragari
286 482 309 521 et
324 491 416 521 omnem
435 491 518 523 causae
535 477 646 522 rationem
665 476 779 520 sustulisse
797 476 816 519 is

29 545 153 611 censpndus
170 560 217 591 non
235 552 276 603 est,
294 547 335 607 qui
351 547 373 591 in
383 546 493 592 infinitum
502 545 667 607 proferendam
678 545 741 591 duxit
748 543 816 589 inda-

30 607 146 682 gatth'iJnem
163 617 279 664 finitarum
298 633 424 666 causarum.
460 617 506 665 Hic
524 634 570 664 non
592 622 672 680 negat,
697 632 745 662 esse
763 614 828 684 infi-v

29 689 108 736 nitam·
122 703 225 748 causam,
253 695 291 735 aut
314 690 383 748 dicit,
408 690 515 737 sufficere
538 690 610 736 finitas
633 704 718 735 causas.
754 686 816 732 Illud

29 775 83 808 vero
100 766 183 821 negat,
202 761 292 820 assequi
309 778 333 807 se
350 762 414 807 illam
430 777 512 824 posse,
534 768 583 819 aut,
606 760 717 821 siquidem
733 758 817 805 mode-

31 832 82 879 stius
101 830 205 894 (licityse
222 848 271 877 esse
287 832 352 878 iilam
370 839 505 880 assecutum.
529 833 582 878 Non
596 832 707 879 abhorret
724 831 753 876 ab
768 828 817 875 hoc

30 904 83 950 loco
99 901 153 960 itta,
175 918 236 964 quae
253 904 317 964 apud
333 904 435 949 Kantunr
450 910 490 961 est,
507 904 589 949 infiniti
606 910 628 950 et
642 902 753 948 indefiniti
768 900 816 946 dis-

31 973 116 1020 tinctio.
152 972 200 1020 Gur
218 973 351 1019 autem-illa
366 975 442 1027 etiam,
461 990 531 1034 quam
548 975 588 1021 hic
605 980 694 1021 secutus
711 973 761 1029 fuit,
779 987 816 1016 ra-

31 1045 93 1089 tione
107 1044 142 1088 usi
160 1045 267 1090 adversus
284 1045 344 1106 legis
356 1045 451 1090 causalis
467 1046 624 1090 auctoritatem
645 1044 753 1101 dicamus,
769 1057 816 1086 non

31 1114 151 1159 habemus.
185 1114 253 1160 Illam
277 1115 343 1170 dico,
366 1115 431 1174 quorl
454 1114 510 1160 huic
532 1113 677 1175 philosopho
704 1114 815 1158 incertum

31 1199 78 1230 esse
96 1184 168 1229 visum
186 1185 239 1242 fuit,
257 1191 334 1230 utrum
351 1185 472 1231 auctoritas
483 1185 526 1229 ista
541 1186 565 1229 in
582 1184 628 1231 hac
645 1199 722 1229 rerum
736 1180 817 1228 natura

32 1253 170 1300 continenda
188 1256 228 1309 sit,
246 1270 275 1298 an
293 1255 324 1299 ad
342 1270 382 1310 ea,
400 1270 459 1314 quae
472 1254 533 1299 ultra
547 1254 609 1301 hanc
626 1255 679 1312 sint,
697 1253 815 1313 pertineat.

31 1323 73 1368 sic
90 1322 150 1368 eninr
174 1323 193 1367 si
214 1323 244 1368 de
267 1323 307 1368 itta
328 1324 382 1385 lege
407 1324 530 1383 existimas,
552 1323 601 1370 hoc
621 1339 667 1368 uno
689 1324 816 1368 universam

31 1407 91 1448 eam,
108 1407 168 1451 quae
185 1392 245 1437 ultra
262 1409 298 1438 res
311 1395 412 1439 sensibus
422 1394 523 1439 obiectas
535 1393 682 1449 contenderit,
700 1391 816 1451 quaestio-

30 1477 84 1506 nem
105 1462 226 1521 praecidis.
273 1463 340 1507 litam
357 1478 412 1508 vero
430 1463 604 1519 difficultatem,
631 1479 677 1522 qua
694 1463 815 1507 theismum

29 1545 74 1590 per
91 1527 229 1576 centrarium
246 1531 287 1576 sihi
302 1532 403 1577 infinitae
418 1548 501 1579 causae
519 1538 541 1577 et
556 1534 669 1578 finitarum
684 1547 760 1577 rerum
773 1545 816 1575 ua-

29 1607 103 1645 turam
120 1600 257 1662 impeditum
271 1601 383 1659 videmus
401 1617 429 1647 ne
447 1602 514 1647 sensit
530 1603 623 1661 quidem
637 1602 780 1648 Hermesius.

66 1670 150 1726 Quae
168 1685 221 1717 cum
242 1671 274 1715 ita
296 1672 349 1728 sint,
376 1686 420 1717 nos
444 1687 491 1717 non
513 1672 697 1733 prohibuerimus
720 1670 814 1731 quidem

28 1739 153 1786 humanam
176 1747 275 1787 mentem
297 1759 312 1787 a
329 1743 404 1787 studio
427 1743 497 1788 deum
519 1743 676 1806 investigandi.
724 1743 814 1801 Neque,

28 1811 130 1857 Kantum
148 1812 225 1868 secuti,
243 1811 373 1871 dixerimus
391 1819 429 1859 aut
447 1819 546 1860 mentem
564 1831 639 1876 paene
656 1813 720 1859 nullo
733 1812 815 1859 huius-

28 1880 95 1925 modi
112 1881 186 1926 studio
201 1897 244 1941 per
262 1898 324 1928 suam
342 1889 444 1931 naturam
462 1885 529 1945 ferri,
554 1891 604 1947 aut,
622 1886 641 1931 si
658 1900 705 1946 quo
721 1884 813 1941 feratur,

28 1951 139 1997 maiorem
158 1967 205 1998 esse
220 1952 315 1998 modum
334 1959 357 1999 et
371 1955 418 2000 vim
433 1970 525 2013 eorum,
548 1957 630 2017 quibus
648 1972 672 2002 se
690 1970 753 2001 mens
768 1954 813 1998 im-

27 2021 115 2082 pediat,
134 2037 204 2083 quam
223 2038 310 2083 eorum,
329 2039 356 2068 ex
375 2025 457 2084 quibus
475 2041 499 2071 se
518 2027 630 2088 expediat.
666 2024 813 2071 Hermesium

27 2107 92 2137 vero·
107 2093 187 2155 logica
209 2093 250 2139 suh
277 2095 366 2140 ratione
394 2095 490 2157 propius
512 2097 542 2142 ad
564 2096 724 2143 inveniendum
743 2095 813 2140 deum

27 2163 153 2223 accessisse,
170 2178 290 2226 negamus.

381 2265 459 2332 §.ra

291 2362 334 2408 De
356 2359 476 2410 nutriret
501 2362 549 2409 dei

116 2429 306 2478 theoreticis
329 2448 362 2478 ex
384 2435 483 2480 causis
506 2430 677 2480 necessaria
692 2430 721 2493 1).

78 2505 114 2551 Dc
129 2512 207 2570 morlo,
227 2529 274 2573 quo
295 2529 404 2576 suprema
423 2531 491 2561 causa
506 2531 576 2577 agere
592 2521 615 2561 et
628 2520 733 2559 naturam
746 2527 810 2558 suam

23 2573 126 2634 prodere
145 2584 257 2627 censenda
277 2585 318 2642 sit,
336 2585 434 2629 maxime
451 2592 511 2631 tres
529 2586 586 2630 loci
604 2590 668 2640 sunt,
686 2585 708 2628 in
726 2583 809 2642 quibus

23 2644 141 2689 temeritas
160 2654 358 2707 argumentationis
379 2655 447 2699 etiam
464 2654 494 2699 ad
511 2661 615 2699 naturam
637 2653 675 2697 dei
696 2653 725 2696 ab
745 2652 808 2696 Her-

22 2713 95 2758 mesic
115 2716 236 2761 translatae
258 2724 402 2784 conspicitur.
447 2724 547 2769 Primo
568 2724 592 2767 in
612 2723 664 2766 loco
683 2723 744 2766 visus
764 2721 808 2764 sibi

22 2782 65 2826 fuit
88 2784 206 2829 exordii
232 2801 324 2836 rerum
350 2794 507 2839 necessitatem
526 2799 549 2837 et
568 2792 705 2836 aeternitatis
728 2804 807 2835 earum

23 2853 146 2899 vanitatem
164 2870 193 2902 (111
212 2856 304 2902 1101101111
321 2877 442 2922 supremae
460 2878 542 2909 causae
562 2860 689 2907 deduxisse.
723 2858 806 2904 Ratio-

25 2958 166 2970 Ἢ

67 3000 89 3055 1)
104 3004 197 3050 Hermes.
212 3008 228 3047 1.
241 3021 258 3053 c.
273 3020 321 3062 pag.
335 3009 408 3052 367-
419 2972 467 3057 468.
