1732 3169
29 201 64 252 58
121 207 265 264 Philosophiae
272 204 380 247 Hermestz'
393 206 445 246 Pars
453 206 484 247 IL
501 205 600 258 anestto
612 207 644 248 II.
657 205 721 262 §.1:3.

27 332 108 392 menti,
134 330 221 377 idcirco
244 344 288 376 nee
312 330 386 391 possit
406 329 458 375 lieri
478 345 522 391 per
539 336 646 376 mentem.
662 330 665 332 ’
681 331 811 393 Disputavit
848 327 849 330 '

27 409 101 447 antem
112 401 141 446 de
154 402 197 446 isto
215 401 288 446 modo
306 400 367 448 haec
381 401 440 446 fere:
458 401 480 447 ls
496 402 586 459 modus,
604 416 650 461 quo
668 403 732 462 apud
750 405 810 464 pan-

25 473 117 517 theistas
138 472 194 518 dens
219 472 341 519 subsistere
361 472 467 534 fingitur,
492 472 654 534 repudiandus
673 478 713 518 est.
749 475 810 519 Nam

25 557 87 588 mens
103 542 179 601 ipsum
196 541 261 587 hunc
277 544 379 589 sensibus
403 544 498 589 obvium
520 550 545 589 et
566 560 582 588 a
601 559 628 588 se
640 549 757 602 utcunque
770 559 810 588 ex-

12 618 130 657 ¹ornatum
148 613 260 658 mnndum
279 614 318 660 dei
339 615 394 661 loco
413 613 504 659 habere>
517 619 645 675 propterea·
661 628 709 658 non
725 619 810 672 potest,

24 683 132 742 qnoniam
155 698 202 728 non
217 690 299 746 potest
313 700 406 731 cansam
423 685 456 730 ab
473 701 518 741 eo,
539 684 604 745 quod
621 684 682 729 haee
698 683 810 740 effecerit,

23 769 69 799 non
85 753 224 800 discernere.
256 755 351 815 Reliqui
368 762 445 801 antem
460 754 639 815 quisuntmodi
656 754 712 812 dno,
731 769 759 799 ex
773 753 810 798 his

25 824 81 869 alter
98 825 122 868 in
145 841 175 872 eo
194 825 308 882 cernitur‚
328 833 353 871 nt
369 827 442 871 virtus
463 827 507 871 illa
527 825 626 873 creatrix
644 824 667 869 in
690 821 811 885 semetipsis

25 895 137 941 subsistat.
171 896 232 941 Nam
249 896 353 941 sensibus-
368 898 465 956 quidem
479 897 564 942 obviae
578 911 616 941 res
632 911 738 955 quaeque
756 910 810 940 cnm

24 980 70 1010 nno
88 965 191 1025 quodam
209 966 278 1026 spatii
292 966 398 1012 locorum
417 974 596 1028 temporumque
612 965 811 1012 articuloeonstri-

26 1041 75 1081 ctae
93 1036 308 1096 deprehenduntur.
341 1038 410 1094 Quae
423 1052 479 1082 vero
497 1053 543 1094 res,
558 1036 756 1096 quemadmodum
768 1035 810 1093 vis

26 1121 53 1152 ac
71 1105 148 1151 divina
164 1107 322 1168 potissimum,
346 1124 363 1152 a
379 1106 428 1152 solai
444 1114 520 1153 mente
536 1107 693 1162 inveniuntur,
721 1122 762 1151 eae
779 1106 811 1150 ita

26 1192 73 1222 esse
91 1179 178 1222 censeri
190 1184 299 1238 possunt,
322 1184 348 1223 ut
367 1194 413 1223 non
430 1178 514 1222 sintin
527 1178 576 1223 alio
592 1192 715 1236 quoquam.
752 1176 811 1232 Qui-

27 1248 70 1292 bus
88 1249 148 1292 eninr
163 1248 238 1292 modis
258 1248 376 1309 cogitandi
397 1249 526 1294 intellectus
547 1246 727 1307 comprehendit
742 1262 778 1291 res
796 1261 811 1290 a

28 1317 131 1372 sensibus
144 1319 245 1377 oblatas,
259 1318 342 1363 iisdem
358 1332 406 1362 non
421 1317 495 1363 habet
508 1334 574 1363 mens
592 1332 632 1362 cur
649 1317 753 1361 notiones
772 1331 811 1360 re-

27 1402 79 1431 rum
96 1404 111 1432 a
128 1403 154 1432 se
169 1388 311 1433 inventarum
327 1387 518 1449 comprehendat.
530 1389 610 1433 Potest
620 1393 693 1431 antem
703 1402 810 1447 suprema

26 1471 95 1503 cansa
113 1463 137 1502 et
153 1458 224 1503 virtus
240 1458 309 1504 etiam
326 1459 398 1503 altero
422 1458 523 1517 quodam
541 1457 612 1503 modo
631 1457 750 1502 subsistere
763 1457 812 1500 erri-

26 1527 116 1574 stimari.
153 1528 232 1573 Potest
252 1528 312 1573 enirn
337 1529 361 1573 in
387 1544 463 1573 rerum
488 1528 631 1573 universitate
656 1533 726 1585 atque
749 1526 810 1571 adeo

25 1596 85 1642 haec
99 1597 151 1658 ipsa
168 1613 218 1643 esse
235 1597 293 1651 dici3
319 1599 351 1644 ita
369 1604 453 1654 tamen,
471 1604 497 1643 ut
514 1596 629 1658 quaedam
644 1593 713 1641 huius
730 1603 811 1641 natura

26 1682 53 1712 ac
70 1667 148 1712 forma
164 1668 317 1728 praestantior
337 1668 396 1727 hae,
422 1684 483 1729 qnae
508 1668 610 1714 sensibus
636 1673 713 1728 patet,
741 1666 812 1711 menti

25 1737 93 1783 fuerit
108 1739 232 1782 manifesta.

21 1834 25 1840 ι
75 1811 147 1853 Recte
169 1808 262 1866 quidem
280 1807 414 1853 Hermesin's
437 1807 539 1868 priorem
562 1805 659 1852 modurn
676 1806 811 1866 praeferen-
833 1805 837 1814 ’

28 1875 83 1921 dnm
97 1877 166 1924 duxit.
201 1877 269 1922 Male
288 1892 343 1923 vero
367 1893 413 1922 non
430 1878 537 1938 impediri
555 1893 602 1923 sese
617 1877 706 1937 putavit
720 1876 811 1920 intelle-

28 1953 67 1991 ctu
85 1946 141 1992 huic
157 1938 296 2008 refragante.
328 1947 371 1990 lllat
392 1948 452 1992 enim
476 1946 604 1993 intellectis
622 1953 644 1992 et
664 1947 744 1991 mentis
762 1946 829 1990 ‹lis-1

25 2017 135 2062 tinctione
154 2016 227 2061 fretus
243 2016 409 2072 arbitrabatur,
434 2024 535 2062 mentem
551 2032 620 2078 posse
637 2018 661 2060 in
680 2017 725 2061 suis
740 2016 810 2060 rebus

26 2087 149 2133 tractandis
162 2102 213 2132 snas
226 2085 337 2145 quasdam
350 2086 415 2146 leges
432 2087 566 2147 simpliciter
578 2085 725 2132 comminisci,
743 2084 810 2130 Alter
842 2105 844 2107 ·

27 2163 102 2203 antem
118 2157 202 2202 modus
219 2157 250 2212 is,
265 2170 312 2215 qno
330 2155 414 2200 eodem
429 2156 499 2201 deum
516 2157 637 2201 subsistere
654 2155 727 2214 videri
741 2169 810 2213 posse
862 2157 863 2161 ’

25 2228 125 2287 putavit,
152 2228 264 2273 sinceram
284 2225 355 2271 refert
373 2225 511 2285 pantheismi
532 2226 638 2270 formam.
673 2224 810 2283 Quicunque

27 2298 86 2342 enim
97 2295 283 2359 exphilosophis
302 2295 412 2341 eruditius
429 2295 460 2340 de
479 2295 528 2342 hoc
539 2300 720 2356 praeceperunt,
738 2310 777 2340 eos
795 2311 809 2339 a

28 2367 116 2427 duplici
133 2368 235 2427 quodam
254 2367 348 2411 crimine
365 2366 457 2411 liberari
474 2381 518 2427 par
536 2372 575 2411 est.
599 2365 702 2409 Primum
720 2380 809 2425 nequa-

29 2451 97 2492 quam
119 2437 145 2482 lri
169 2438 200 2483 ad
223 2453 294 2483 unum
317 2451 396 2481 omnes
415 2435 462 2481 hac
484 2437 584 2481 sensibus
607 2434 699 2482 obiecti
719 2441 742 2479 et
766 2450 809 2494 per

28 2507 209 2568 qualemcunque
224 2508 305 2552 mentis
320 2522 386 2552 usum
404 2512 520 2566 utcunque
537 2503 645 2553 exornati
662 2520 739 2550 rerum
754 2505 809 2556 nni-

27 2575 133 2620 versitate
149 2578 341 2638 comprehensum
358 2576 416 2621 illud
433 2571 461 2622 ad
479 2579 527 2623 πᾶν
544 2577 656 2632 dixerunt,
673 2576 697 2619 in
715 2589 762 2633 qno
780 2568 808 2619 a}

26 2646 64 2704 ἓν,
91 2659 159 2690 cansa
180 2647 252 2705 illins,
278 2648 415 2693 subsisteret.
450 2647 510 2692 Eam
533 2660 589 2692 vero
613 2645 717 2689 dixerunt
731 2659 809 2689 rernm

25 2716 204 2771 universitatem,
218 2732 282 2774 quae,
296 2718 321 2762 in
333 2717 446 2762 infinitum
463 2716 591 2778 proditura,
608 2715 723 2775 integrum
739 2709 766 2759 τὸ
782 2714 808 2772 ἓν

25 2787 49 2830 in
63 2784 204 2846 prodeundo
222 2799 336 2845 nunqnam
353 2787 475 2848 proderet,
492 2786 603 2830 infinitam
620 2785 692 2845 igitur
709 2799 737 2829 ae
752 2782 808 2826 diri-

26 2871 79 2901 nam
96 2856 164 2901 huius
184 2860 287 2899 naturam
304 2857 354 2915 ipso
373 2857 444 2902 morlo
462 2855 594 2917 prodeumli
611 2848 719 2899 continno
737 2851 809 2895 refer-

26 2931 66 2968 ret.
106 2926 188 2984 Itaque
211 2924 275 2968 hunc
300 2938 459 2984 quemcunque
480 2926 594 2970 mundum
619 2923 739 2982 indignum
762 2919 807 2963 deo

27 2992 70 3052 ipsi
93 2995 217 3052 duxerunt,
246 2999 269 3039 et
291 2996 444 3053 augustiorem
464 2995 580 3054 quandam
598 2991 694 3038 universi
709 2989 807 3033 formam
