1732 3169
36 169 53 214 4
201 169 310 223 Proaflctr'o
321 165 451 221 quaestionis
461 164 578 207 urziuersac.
599 163 618 219 ᾗ.
630 164 651 205 1.

35 295 59 339 in
75 292 155 339 mentis
169 287 331 351 perspicientia
345 303 464 335 causarum
478 286 534 333 fidei
543 279 726 335 necessariarum,
750 287 817 333 Haec

35 364 148 424 quaestio,
165 375 225 420 quae
242 360 272 404 ah
290 359 382 419 antiquo
394 365 501 420 tempore
518 366 581 404 mota
599 360 716 420 ingentem
732 358 817 404 irarum

34 437 80 479 vim
98 430 231 485 concitavit,
250 430 307 476 duo
325 431 408 477 locos
426 429 598 491 complectitur,
620 430 645 476 in
668 431 751 490 quihus
770 436 818 476 tra-

35 502 121 551 ctandis
140 500 266 547 versabitur
283 501 317 548 rei
330 501 487 548 hermesianae
505 501 646 547 existimatio,

87 572 216 617 Primum
230 588 286 618 vero
301 573 349 618 hoc
362 573 402 618 ille
416 588 462 618 non
478 571 583 630 ostendit,
595 586 671 634 posse
684 570 709 615 in
722 570 819 615 homine

34 641 142 706 reperiri
165 642 230 687 illam
252 643 438 705 perspicientiam
461 643 548 691 mentis.
591 641 636 688 lstai
659 641 714 687 fidei
732 641 819 687 ratione

34 713 117 776 posital,
132 728 205 773 genus
219 713 347 759 humanum
364 716 389 759 in
406 729 483 760 rerum
500 729 591 759 suarum
607 713 728 759 discrimen
746 712 819 756 addu-

36 786 100 832 citur.
136 785 172 829 Ea
189 786 270 830 mentis
286 785 397 843 eruditio,
420 800 480 844 quae
498 784 528 829 ad
551 784 615 829 illam
635 783 820 846 perspicientiam

34 854 168 919 perduxerit
184 863 293 913 mentem,
311 855 384 899 ardua
403 870 440 900 res
458 861 491 899 est
506 870 534 900 ac
552 856 595 900 sita
609 856 632 900 in
648 853 756 916 ambigua
772 847 821 898 forss

35 926 97 973 tund.
132 926 210 985 Atque
232 928 323 972 interest
342 926 400 971 inter
424 926 535 970 minorem
557 925 622 970 illum
640 927 696 972 certi
717 924 820 981 modum,

36 1013 105 1057 quem
124 998 216 1041 sustinet
245 996 364 1058 indagatio
392 996 439 1040 veri
458 995 636 1056 philosophica,
665 1003 687 1041 et
710 995 821 1040 maiorem

38 1083 97 1123 eum,
114 1083 184 1127 quern
201 1066 291 1129 flagitat
309 1083 361 1112 usus
378 1067 427 1110 veri
444 1081 486 1126 per
500 1065 676 1127 philosophiam
687 1066 773 1111 inventi
790 1065 821 1110 ad

38 1140 108 1183 vitam
125 1136 301 1184 transferendus.
338 1137 391 1182 Vita
409 1136 517 1192 humana,
536 1151 589 1181 cum
606 1137 630 1180 in
645 1136 752 1196 practicis
772 1142 822 1180 tuni

38 1209 66 1253 in'
80 1207 169 1264 ethicis,
187 1212 275 1254 tantum
293 1214 397 1252 movetur
415 1208 462 1251 sive
476 1204 584 1251 virtutum
598 1206 764 1267 philosophiae
780 1221 822 1267 spe

39 1279 87 1324 sive
100 1278 207 1322 vitiorum
228 1279 274 1323 eius
289 1285 364 1332 metu,
380 1282 489 1335 quantum
507 1276 552 1321 fert
570 1278 731 1337 comprobatio
749 1278 822 1322 cuius-

41 1363 87 1407 que
102 1348 233 1404 commenti,
251 1347 314 1393 facta
330 1347 371 1391 illa
389 1346 483 1405 quidem
500 1346 523 1390 in
538 1347 589 1407 ipso
601 1347 660 1391 vitae
677 1361 725 1392 usu.
761 1347 823 1406 Hinc

40 1417 172 1463 temeritatis
188 1425 228 1474 est,
245 1417 329 1466 iidem,
353 1432 412 1475 quae
430 1417 556 1462 universam
575 1417 690 1478 dignitatis
708 1417 823 1463 humanae

40 1494 63 1532 et
78 1487 227 1532 maximarum
243 1502 318 1532 rerum
332 1485 484 1531 humanarum
496 1487 606 1531 rationem
623 1488 748 1547 complecti
762 1493 825 1533 recte

41 1556 132 1613 dicitur,
151 1563 223 1601 totam
242 1557 331 1601 habere
342 1556 479 1602 collocatam
488 1555 511 1600 in
523 1556 675 1617 intelligentiis
682 1557 770 1615 mentis,
779 1558 824 1600 ita-

42 1627 127 1686 quein
144 1626 262 1688 plerisque
279 1626 410 1672 hominibus
430 1632 539 1686 tanquam
556 1626 587 1671 ad
604 1626 716 1672 inlinitum
733 1632 824 1688 tempus

42 1696 144 1744 differre.

95 1766 208 1811 Deinde
224 1765 281 1810 illud
296 1780 342 1809 non
360 1765 457 1810 ostendit
466 1765 606 1821 HermesiuS,
625 1765 760 1812 consistere
777 1781 825 1811 rra-

46 1844 131 1883 turam
140 1834 210 1898 fidei
229 1850 285 1880 eum
303 1832 341 1891 cai,
362 1850 437 1896 qnam
457 1836 529 1894 dixit,
547 1836 635 1881 mentis
652 1833 826 1899 intelligentid.

44 1907 97 1952 Non
114 1906 172 1950 inest
187 1920 249 1949 error
263 1905 311 1948 eius
332 1905 355 1948 in
375 1904 531 1951 distribuendo
553 1906 625 1950 modo
648 1906 736 1951 roboris
759 1907 826 1961 illius,

45 1975 109 2036 quod
123 1975 161 2019 vel
177 1975 327 2034 intelligentia
344 1975 381 2019 vel
398 1974 456 2018 fides
475 1975 571 2021 invicem
592 1981 631 2020 aut
651 1975 766 2035 impertiat
788 1981 827 2020 aut

47 2045 193 2106 adipiscatur.
228 2044 299 2090 Hunc
317 2044 376 2088 enim
392 2044 488 2088 modurn
504 2046 630 2105 generatim
648 2045 747 2090 dicendo
766 2045 827 2091 ‹leli-

48 2117 108 2170 nire,
127 2110 332 2160 eontra'natmam
355 2119 389 2158 est
412 2119 434 2158 et
458 2115 527 2173 plane
546 2117 657 2174 ineptum.
692 2115 754 2159 Inest
770 2130 827 2160 vero

48 2183 172 2238 insubluti
193 2183 250 2229 fidei
273 2190 297 2228 et
317 2182 482 2242 intelligentiae
503 2185 672 2230 seuscientiae
691 2184 828 2230 differentia.

49 2254 110 2299 Nam
130 2268 222 2298 omnem
245 2252 302 2297 fidei
323 2253 434 2296 rationem
456 2253 497 2297 ille
517 2253 625 2298 iudicarit
643 2254 705 2299 cerni
721 2255 744 2298 in
759 2254 828 2299 intel-

49 2323 109 2367 lecta
123 2322 201 2384 logical
218 2323 361 2382 potissimum
378 2337 465 2378 eorum,
481 2338 540 2381 quae
554 2324 674 2382 proposita
687 2324 707 2368 ei
719 2324 769 2378 sint,
786 2340 829 2369 ne·
861 2356 863 2359 -

50 2392 157 2437 cessitate.
182 2393 229 2438 Sed
247 2393 337 2454 flagitat
352 2391 504 2436 differentiam
522 2392 631 2437 credendi
644 2399 667 2438 et
681 2393 766 2440 sciendi
780 2400 829 2440 tum

48 2460 271 2523 psychologica
284 2470 333 2507 tum
352 2461 454 2507 ethica
471 2462 585 2521 quaedam
603 2478 677 2510 causa.

102 2531 226 2576 Animae
243 2532 341 2577 hominis
359 2538 482 2576 certatura
499 2539 544 2591 est,
568 2541 592 2577 ut
607 2533 647 2579 hio
661 2533 757 2594 vestigia
774 2533 830 2593 veri,

50 2601 98 2646 sive
116 2599 184 2644 rebus
201 2601 246 2646 sire
268 2603 338 2648 menti
360 2616 454 2660 quoquc
476 2603 599 2663 impressa,
621 2618 667 2647 non
685 2618 730 2661 uno
749 2603 829 2660 modo,

50 2669 92 2716 sed
111 2669 201 2713 duobus
219 2671 295 2718 modis
312 2678 440 2733 cognoscat
454 2673 511 2717 etin
527 2674 595 2718 vitam
612 2671 738 2718 transferat.
765 2674 831 2719 Alter

50 2739 141 2794 modus,
156 2739 238 2797 inquo
250 2741 390 2798 potissimum
405 2742 555 2804 intelligentia
564 2743 644 2788 mentis
654 2742 760 2800 consistit,
775 2757 831 2802 pro-

51 2810 160 2857 ficiscitur
169 2825 183 2853 a
194 2809 281 2853 ratione
292 2809 326 2864 eal,
342 2827 431 2869 quares
442 2812 530 2857 homini
540 2813 643 2857 obiectae
654 2818 677 2858 et
691 2814 720 2857 ab
735 2811 830 2857 homine

53 2888 170 2939 susceptae
186 2885 249 2932 sunt;
272 2878 341 2929 atter,
362 2881 384 2923 in
406 2897 452 2940 quo
471 2883 540 2926 animi
556 2891 639 2934 sensns,
653 2899 667 2926 a
684 2882 751 2925 rebus
769 2881 830 2941 ipsis,

53 2961 112 3004 quae
126 2956 175 2995 sunt
190 2950 301 2996 obiectae.
326 2946 429 2994 Mentem
444 2950 550 3005 dicuntur
562 2966 598 2995 res
607 2952 683 3009 ferire,
700 2950 739 2996 uhi
750 2951 830 2997 inho-
