1732 3169
231 189 339 243 Hoesotto
351 187 478 243 quaestionis
491 186 609 228 utttuersoe.
629 182 647 240 ξ.
661 184 681 227 2.

446 331 477 379 ll.

120 423 260 471 Exstiterunt
276 424 378 487 inprimis
396 425 472 471 duae
493 424 524 470 de
536 423 644 478 ¹universo
662 422 782 470 hocloco
801 422 849 468 eui-

69 494 173 540 stimandi
199 496 296 542 rationes
305 494 334 559 1).
375 496 497 552 Alteris,
519 493 592 553 iisque
615 492 721 539 critice
742 492 849 553 philoso-

67 564 199 625 phantibus,
214 567 278 612 velut
291 568 368 613 Kanto
384 574 408 612 et
425 566 549 619 Herbarm,
565 563 652 624 placuit
664 563 785 624 separatim
805 568 850 607 tra-

68 634 124 680 ctari
140 634 270 683 theoretica
285 644 308 682 et
323 638 433 697 practica.
463 636 612 689 Censuerunt,
623 632 687 678 ideas
702 633 789 694 agendi
801 639 851 677 tum

69 719 117 749 esse
134 704 209 750 insitas
226 708 297 752 menti
320 723 334 752 a
351 708 442 764 naturi,
469 714 518 752 turn
542 704 572 749 ad
593 704 662 748 vitam
683 703 760 749 valere
782 717 851 763 posse

71 775 138 819 etiam
158 775 249 821 sublata
273 777 368 822 scientiis
390 792 478 831 rerum;
508 776 569 821 hane
597 774 667 835 igitur
685 773 716 818 ita
738 774 817 818 abesse
836 788 850 818 a

68 851 144 889 mente
162 844 276 900 humani,
298 853 324 892 ut
346 862 394 892 nou
411 847 470 891 desit
486 845 546 890 vitae
563 844 690 898 humanae;
708 843 851 902 eandemque

69 914 172 975 suppleri
190 915 218 960 eh
234 916 295 972 fide,
318 931 387 975 quam
411 915 487 962 ethica
504 915 543 960 len
560 914 630 959 faciat
647 914 717 959 menti
732 913 850 959 meditanti

71 983 102 1029 ‹le
118 983 155 1028 his
170 985 245 1045 rebus,
263 1001 323 1044 quae
341 1000 394 1031 cum
409 984 452 1029 ista
469 985 524 1045 lege
542 983 705 1030 contineantur.
742 984 851 1038 Alteri,

68 1053 130 1112 iique
148 1053 320 1116 dogmatice
337 1052 537 1116 philosophantes,
554 1053 618 1098 velut
629 1054 696 1097 Plato
709 1067 738 1097 eu
755 1053 852 1112 antiquis

70 1128 94 1167 et
106 1122 333 1171 Schleiermacherus
350 1140 379 1171 ex
395 1125 483 1180 nostris,
501 1122 667 1184 quaestionibus
680 1121 811 1169 theoreticis
829 1129 852 1168 et

71 1192 151 1238 ethicis
170 1209 243 1253 aeque
264 1195 424 1257 praefecerunt
446 1194 509 1240 ideas
533 1209 610 1239 rerum
631 1199 653 1237 et
674 1192 738 1237 ideas
759 1192 851 1254 agendi.

72 1262 210 1309 Ethicarum
229 1264 334 1310 idearum
355 1265 394 1311 vel
414 1264 525 1309 rationem
544 1269 567 1308 et
587 1277 678 1308 causam
696 1263 735 1307 vel
759 1264 805 1308 vim
829 1269 852 1308 et

74 1333 234 1390 efficacitatem
253 1349 281 1379 ex
297 1334 477 1382 theoreticarum
494 1333 629 1379 auctoritate
646 1339 669 1377 et
689 1333 852 1393 perspicuitate

71 1417 154 1446 nexam
172 1418 221 1449 esse
238 1411 380 1450 censuerunt.
414 1404 476 1450 Hinc
494 1403 585 1449 ethicen
603 1403 671 1448 etiam
687 1402 710 1447 in
725 1401 852 1449 theoretici

70 1478 93 1515 et
110 1472 174 1530 quasi
192 1473 292 1519 cosmica
308 1488 385 1519 rerum
402 1473 534 1534 cognitione
551 1471 730 1519 collocaverunt.

121 1541 294 1589 Hermesius
317 1559 331 1588 a
356 1542 493 1603 dogmaticis
514 1542 550 1587 his
573 1542 669 1602 propius
687 1541 761 1588 abfuit
782 1557 853 1602 quam

70 1625 83 1653 a
105 1610 188 1657 criticis
211 1611 262 1659 illis.
298 1611 403 1658 Deseruit
425 1627 480 1657 vero
506 1617 635 1672 susceptam
663 1627 677 1655 a
701 1626 789 1657 serem
815 1613 854 1658 vel

69 1679 247 1727 theoreticorum
269 1682 306 1727 vel
328 1682 465 1730 ethicorum.
498 1681 621 1742 Praecepit
642 1682 714 1726 enim:
740 1682 853 1743 principia

71 1749 200 1796 ethicorum
222 1751 263 1794 nisi
287 1751 389 1797 derivata
411 1767 439 1798 ex
459 1751 591 1797 theoreticis
614 1765 662 1796 esse
685 1751 761 1807 nulla3
788 1752 852 1799 ideas

70 1818 156 1865 ethicas
174 1835 223 1865 esse
245 1820 331 1875 nullas3
353 1821 466 1881 quidquid
484 1821 515 1866 de
530 1820 622 1881 agendo
640 1821 805 1881 praecipiatur,
827 1823 853 1868 id

70 1902 99 1932 ex
115 1888 265 1949 intelligentiis
283 1891 362 1935 mentis
379 1906 478 1939 manarei
510 1890 703 1935 Theoreticorum
718 1907 768 1936 rem
786 1891 854 1938 dese-

70 1958 120 2003 ruit.
155 1959 215 2004 Nam
234 1959 331 2018 physica
351 1961 403 2018 illa,
427 1976 497 2018 quam
516 1960 601 2015 attulit,
628 1975 696 2005 causa
714 1976 790 2019 neque
805 1961 854 2009 hoc

70 2027 179 2083 ostendit,
207 2028 327 2073 hominem
350 2029 381 2074 ad
408 2029 524 2090 agendum
546 2029 686 2074 commoveri
709 2045 755 2074 uon
778 2047 854 2092 posse,

70 2098 138 2143 rebus
151 2098 231 2160 positis
245 2098 359 2157 quidem„
369 2115 416 2145 non
428 2099 526 2161 cognitis
541 2114 610 2153 vero3
630 2114 706 2158 neque
715 2100 794 2162 illud,
815 2119 854 2148 re-

71 2168 140 2227 periri
163 2169 185 2213 in
207 2169 302 2214 homine
324 2185 393 2229 posse
415 2170 506 2226 istam‚-
523 2185 583 2227 quae
604 2170 701 2215 rationes
724 2172 854 2231 modosque

74 2238 159 2298 agendi
176 2240 201 2284 in
219 2256 272 2284 eum
290 2240 355 2299 quasi
370 2239 459 2297 inferat,
477 2255 554 2285 rerum
566 2239 729 2300 cognitionem.
752 2241 852 2290 Ethico-

73 2322 125 2352 rum
141 2325 190 2354 rem
203 2310 309 2356 deseruit.
346 2310 406 2355 Nam
423 2309 522 2371 probata
539 2309 615 2356 ethica
628 2309 680 2369 tut,
702 2326 771 2371 quam
794 2319 856 2360 attu-

72 2376 110 2433 lit,
135 2379 202 2423 causai
219 2380 319 2427 concidit
337 2379 434 2442 dignitas
451 2380 566 2435 humanae
583 2387 677 2426 naturae
699 2382 785 2440 ethica,
808 2385 856 2430 sive

74 2455 160 2492 certum
178 2448 223 2513 siue
240 2451 350 2497 incertum
365 2452 413 2497 hoc
431 2466 479 2496 esse
494 2450 587 2508 iudicas,
606 2451 669 2511 quod
683 2467 746 2497 mens
756 2454 857 2506 theore-

73 2516 119 2562 tice
137 2532 226 2562 versans
242 2520 265 2565 in
282 2522 350 2567 rebus
367 2522 420 2566 satis
436 2521 460 2566 ri
475 2520 516 2566 sua
530 2523 607 2568 valere
620 2521 763 2583 perhibetur.
797 2524 856 2569 Cer-

74 2593 122 2632 tum
138 2587 157 2631 si
165 2587 258 2651 iudicas,
275 2606 304 2636 ne
322 2592 386 2639 locus
404 2591 498 2653 quidem
511 2592 613 2639 residuus
623 2597 662 2639 est
679 2591 768 2640 ethicae
779 2593 856 2657 digni-

104 2749 127 2801 1)
142 2749 177 2787 llli
186 2748 247 2797 enirn,
258 2749 299 2801 qui,
308 2752 330 2788 iu
339 2752 422 2793 fortuito
432 2754 486 2793 vitae
494 2767 555 2793 eursu
562 2760 662 2808 tauquam
671 2751 791 2807 pendentes,
797 2751 856 2795 theo·

78 2810 188 2847 reticorum
196 2807 275 2845 cultum
285 2820 367 2848 ornnem
375 2809 497 2865 despiciunt,
504 2826 527 2851 ao
537 2814 573 2866 qui
582 2810 688 2851 hominem
697 2812 726 2850 ita
736 2824 763 2849 ex
771 2810 856 2851 homine

78 2872 184 2916 exuerunt,
194 2873 219 2920 ut
231 2871 325 2903 naturam
335 2865 402 2906 odisse
411 2866 525 2920 videantur,
540 2871 565 2908 ab
575 2869 614 2908 hac
623 2869 708 2924 quidem
719 2868 863 2920 disputatione·

79 2921 140 2959 alieni
149 2931 202 2966 suut.
231 2924 306 2975 Agitur
318 2924 374 2962 euim
384 2938 431 2965 cum
440 2926 567 2979 homiuibus,
577 2940 620 2967 nou
633 2941 681 2967 cum
693 2927 742 2978 illis,
759 2929 795 2981 qui
803 2941 855 2968 veu-

80 2976 144 3018 ditaut
154 2982 260 3022 florentem
269 2994 358 3021 carnem.
