1732 3169
43 185 78 231 48
148 179 292 241 Philosophiae
298 186 406 227 Hermesta·
415 187 513 228 Pars-II.
526 188 625 238 Quaestio
633 190 664 228 II.
677 186 695 242 ᾗ
704 189 738 229 12.

42 308 175 355 substantiae
192 310 279 354 natura,
313 306 394 365 Itaque
411 312 489 367 patet,
507 307 530 351 in
546 307 687 353 subsistendo
707 309 768 355 cerni
785 324 825 354 na-

40 386 113 425 turam
127 376 186 422 illius
201 392 215 421 a
232 375 306 438 spatio
324 376 430 425 locorum
451 376 534 425 diversi
557 376 689 436 cuiusdam,
712 379 776 441 quod
795 380 826 427 si-

39 449 166 512 gnificatur,
184 462 237 494 cnm
255 464 291 496 res
309 448 416 497 continuo
433 449 472 510 sic,
492 454 518 496 ut
534 448 558 495 in
573 449 650 511 aliquo
664 450 715 512 sint,
734 451 825 498 obviarn

38 537 87 568 esse
104 517 316 582 deprehenduntur.

89 592 173 653 Longe
202 593 266 638 abest
291 609 305 638 a
334 597 397 639 certo
424 592 484 638 haec
510 592 685 654 argumentatio.
722 593 825 639 Primum

37 664 108 719 enim,
128 662 245 723 prodeunt
272 664 367 724 quidem
389 679 425 708 res
454 663 502 709 hoc
524 664 609 719 modo,
635 670 659 708 ut
680 663 703 708 in
722 665 825 722 quodam

37 748 142 793 quaeque
148 732 203 779 loco
213 736 297 779 versari
307 734 434 782 videantur.
451 733 536 779 Verum
547 734 564 778 si
574 733 657 785 eodem
668 732 716 779 hoc
723 735 825 779 inmodo

37 802 167 865 prodeundi
190 803 237 849 eius
261 805 351 865 generis
371 805 482 850 connexio
503 819 579 848 rerum
601 810 624 848 et
647 804 695 848 loci
718 805 824 863 cernitur,

37 889 96 932 quae
114 874 251 918 substantiae
269 880 292 919 et
310 874 471 918 attributorum
488 873 556 918 huius
574 874 738 919 connexionem
755 875 826 935 signi-

37 945 101 991 ficet:
122 944 278 1002 consequitur,
301 959 347 988 non
372 959 419 988 esse
441 951 532 1003 praeter
555 959 623 987 unam
639 944 755 1002 quandam
772 946 825 990 sub-

39 1013 142 1058 stantiam
160 1013 202 1057 nisi
217 1013 284 1057 huius
301 1013 416 1058 attributa.
451 1013 511 1056 Nam
529 1013 632 1072 singulae
650 1028 756 1071 quaeque
773 1014 826 1058 uni-

38 1081 146 1127 versitatis
163 1096 239 1125 rerum
256 1082 384 1141 particulae
402 1081 425 1124 in
440 1081 543 1140 quodam
561 1082 615 1124 loco
634 1096 682 1124 esse
697 1082 825 1127 censendae

38 1156 95 1196 sunt.
145 1151 195 1195 Nec
211 1152 287 1210 potuit
303 1150 436 1206 Hermesio,
459 1165 488 1194 ne
507 1148 603 1194 adhoc
624 1149 738 1208 Spinosae
760 1166 828 1195 eom-f

38 1225 140 1266 mentum
158 1219 324 1279 abduceretur,
349 1225 440 1265 cautum
459 1234 507 1263 esse
525 1218 605 1263 videri.
639 1219 699 1263 Eam
717 1220 824 1265 locorum

39 1292 251 1352 subsistentiamque
272 1307 349 1336 rerum
371 1291 550 1347 multitudinem,
583 1305 642 1350 quae
662 1291 761 1352 probatd
782 1292 825 1337 istri

39 1362 182 1409 hermesiantl
199 1362 307 1424 opinione
325 1362 413 1422 reliqna
430 1367 471 1418 est,
488 1376 531 1408 nec
541 1361 639 1422 Spinosa
656 1362 749 1411 sustulit.
775 1363 824 1409 Ve-

38 1450 89 1479 rum
104 1434 122 1478 si
139 1435 300 1480 attributorum
315 1439 355 1491 est,
374 1449 422 1479 esse
438 1434 463 1477 in
481 1433 566 1492 aliquo,
584 1432 686 1478 similiter
701 1448 729 1479 ac
744 1449 780 1479 res
790 1435 824 1480 ri-

39 1506 121 1551 dentur
138 1520 186 1550 esse
202 1506 226 1549 in
241 1505 295 1550 loco
315 1504 428 1563 quodam:
451 1503 499 1549 hoc
517 1503 626 1562 efficitur,
645 1508 670 1548 ut
687 1505 824 1550 substantiae

38 1577 73 1632 sit,
90 1590 136 1619 non
149 1590 197 1619 esse
207 1576 231 1619 in
240 1575 286 1619 alio
296 1589 350 1634 quo,
363 1581 389 1618 ut
397 1574 467 1636 igitur
475 1589 521 1618 non
534 1574 604 1633 possit
616 1574 658 1618 nisi
665 1588 710 1618 una
720 1575 824 1620 substan-

37 1647 68 1691 tia
79 1644 179 1693 inveniri,
214 1646 268 1691 Non
275 1647 332 1690 inest
340 1645 410 1706 igitur
420 1645 443 1689 in
452 1643 507 1702 hoo,
525 1644 589 1704 qnod
599 1659 634 1689 res
651 1645 675 1689 in
693 1645 745 1691 loco
763 1661 822 1705 quo-

38 1717 92 1760 dam
109 1722 233 1776 apparent,
250 1716 296 1760 eius
313 1722 406 1759 naturae
423 1730 501 1759 rerum
518 1706 668 1774 significatio,
686 1730 746 1774 quae
763 1731 822 1776 pro-

38 1785 134 1842 diderit,
155 1800 191 1829 res
208 1785 381 1829 substantiarum
399 1791 422 1829 et
440 1785 599 1828 attributorum
616 1783 770 1830 accidentium
786 1801 823 1829 ra-

37 1855 101 1897 tione
121 1854 180 1896 inter
204 1868 252 1897 sese
274 1854 389 1899 contineri.
411 1879 446 1886 -
467 1853 570 1910 Deinde,
593 1869 652 1911 quae
674 1860 708 1897 est
728 1860 823 1898 naturae

37 1922 119 1966 mentis
141 1927 163 1964 et
184 1936 288 1966 sensuum
313 1921 438 1978 diversitas,
463 1937 489 1965 ea
508 1922 600 1966 minime
621 1920 741 1981 prohibet,
767 1924 823 1981 quin

37 2006 80 2047 res,
99 1990 201 2048 quamvis
219 1991 271 2034 cunr
287 1989 351 2033 nullo
370 1989 536 2046 contineantur,
551 1990 621 2034 menti
639 2006 712 2048 aeque
728 2005 755 2035 ac
770 2007 823 2035 sen-

38 2061 97 2104 sibus
115 2058 235 2103 videantnr
253 2074 305 2103 curn
324 2060 400 2117 aliquo
416 2059 531 2103 contineri.
567 2060 620 2103 Non
639 2059 710 2103 docet
727 2059 823 2104 diversi-

37 2136 70 2173 tas
87 2129 140 2184 illa,
162 2128 238 2172 sentiri
259 2128 353 2188 quidem
369 2142 437 2188 posse
454 2143 502 2185 res,
526 2143 586 2186 quae
603 2142 649 2170 non
667 2129 710 2171 sint
728 2129 751 2171 in
768 2128 822 2173 vera

37 2217 63 2246 re
77 2200 128 2256 alid,
144 2200 243 2262 cogitari
259 2206 336 2245 autern
352 2214 398 2244 non
409 2213 486 2260 posse,
503 2200 545 2243 nisi
562 2199 604 2243 sint
620 2199 643 2243 in
662 2198 716 2244 vera
728 2214 753 2244 re
771 2200 822 2247 alit.

37 2273 90 2318 Non
103 2271 172 2317 docet
189 2272 272 2334 igitur,
294 2276 395 2316 mentem
412 2269 554 2330 potissimum
572 2275 679 2330 oportere
700 2285 745 2332 pro
768 2287 823 2334 spa-

37 2343 70 2388 tio
87 2343 204 2401 locorum,
222 2342 286 2403 quod
301 2342 352 2403 ipsa
370 2340 505 2404 cognoverit
522 2356 626 2386 sensuum
641 2356 688 2387 esse
706 2357 823 2389 commen-

38 2419 97 2469 tum,
113 2414 245 2460 substituere
262 2412 408 2471 substantias,
424 2414 532 2472 quoniam
549 2428 595 2457 non
612 2413 685 2472 possit
701 2430 743 2469 res,
762 2430 822 2474 quae

38 2498 92 2528 vere
103 2483 151 2539 sint,
166 2499 212 2529 non
230 2500 278 2530 esse
296 2485 319 2528 in
332 2484 417 2542 aliquo,
435 2482 498 2541 quod
507 2483 582 2542 ipsum
593 2498 646 2528 vere
660 2482 697 2539 sit,
712 2483 822 2529 iudicare.

36 2553 102 2598 Nam·
115 2567 177 2597 mens
192 2555 326 2616 cogitando,
344 2557 385 2600 suat
399 2554 468 2615 igitur
486 2553 574 2599 actione
587 2553 733 2614 prosequitur
747 2554 821 2609 illum,

37 2637 84 2683 quo
102 2622 202 2667 sensibus
215 2640 250 2669 res
265 2624 360 2687 prodire
374 2623 486 2683 videntur,
503 2622 606 2679 modum,
625 2624 727 2682 quamvis
742 2624 769 2668 sit
781 2625 822 2669 ille

37 2690 210 2739 commentitius.
244 2696 349 2741 Alienum
365 2700 441 2740 autem
459 2710 472 2738 a
490 2699 566 2739 mente
584 2693 707 2738 dicendum
719 2709 766 2738 non
781 2700 822 2749 est,
853 2707 855 2710 ’

35 2763 77 2809 nisi
95 2760 160 2822 quod
178 2775 225 2804 non
240 2767 341 2820 potuerit
355 2764 520 2825 cogitationem
536 2763 617 2813 mentis
635 2763 717 2809 subire.
755 2763 822 2807 Ferri

36 2831 83 2877 lucc
101 2848 115 2876 a
133 2835 210 2876 mente
228 2843 275 2873 non
291 2847 364 2891 posse,
382 2839 408 2878 ut
427 2848 479 2879 vere
496 2847 532 2877 res
550 2835 593 2887 siut
606 2833 630 2876 in
643 2832 697 2876 loeo
711 2831 821 2889 quodam,

36 2898 84 2945 hoe
99 2901 188 2945 Kantus
205 2912 253 2943 non
270 2903 406 2947 monstravit.
439 2902 512 2946 Acsi
529 2916 574 2945 nou
591 2905 670 2959 posset
684 2899 751 2955 ferri,
775 2913 822 2944 non

38 2974 154 3029 oporteret
163 2974 239 3015 tamen
257 2968 387 3014 substantias
400 2970 424 3014 in
432 2971 480 3016 loci
489 2971 565 3016 locum
576 2966 685 3015 substitui.
