1732 3169
256 210 290 251 De
307 208 427 251 theoreticis
446 213 469 249 et
483 205 592 262 practicis.
801 193 819 240 9

29 333 74 380 tati.
109 331 190 388 hiens,
214 330 325 391 siquidem
351 346 379 378 ex
402 345 479 376 rerum
502 334 525 375 et
549 327 590 374 suh
610 326 682 389 ipsius
696 317 777 368 natura
795 326 819 366 et

29 402 169 449 connexione
185 402 282 448 rationes
296 401 423 460 modosque
441 399 527 461 agendi
543 397 670 460 cognoscit,
686 396 775 456 θεωρεῖ
789 392 819 436 il.

28 474 74 517 lanr
92 479 195 517 naturam
215 480 238 518 et
255 472 421 518 connexionem
438 484 482 530 per
500 469 615 527 quandam
638 484 652 512 a
674 464 755 510 naturai
774 462 818 507 sibi

27 542 115 586 insitam
126 543 210 604 legem.
246 541 344 599 Physica
362 540 433 599 igitur
451 552 524 596 eaque
541 538 619 598 logica
636 535 757 582 necessitas
768 534 817 579 rori

28 614 127 672 θεωρεῖν
137 611 213 673 gignit
224 617 246 655 et
261 611 328 669 fingit
336 609 492 653 necessitatem
503 609 549 652 τοῦ
559 601 675 668 πράττειν.
696 602 816 650 Voluntati

28 695 56 725 ac
74 682 178 741 dignitati
192 679 282 724 ethicae
297 678 336 735 qui
353 679 417 722 locus
432 676 481 721 dari
498 677 578 735 possit,
595 692 641 721 non
657 676 756 735 reperio.
774 673 816 719 Sin

27 750 139 797 incertum
155 749 214 792 illud
231 747 333 802 indicas,
357 745 434 791 ethica
451 745 474 789 iu
496 745 580 790 eodem
601 746 641 790 illo
660 744 774 790 collocata
791 742 816 787 in

27 821 151 870 maximum
173 817 294 862 discrimen
316 821 339 860 et
359 817 383 860 iu
403 816 525 860 maximam
548 815 718 861 dimicationem
737 812 816 859 addu-

3 943 4 946 Ἰ
30 896 117 934 cuntur.
152 887 189 931 Ea
209 886 303 945 quidem
327 901 387 944 quae
408 884 527 943 hucusque
548 885 592 930 fuit
612 884 733 929 hominnm
756 897 816 928 cou-

4 953 6 958 ’
29 957 86 1000 ditio
104 957 247 1011 monstravit,
264 956 288 999 in
305 954 410 1014 plurimis
425 955 574 1013 maximisque
591 954 636 999 illis
653 954 735 1011 rebus,
754 968 815 1011 quae

2 1030 3 1033 ’
28 1039 80 1070 curn
98 1026 190 1086 agendo
206 1024 355 1081 continentur,
373 1023 452 1069 deesse
466 1024 583 1083 plerisque
597 1023 729 1069 hominibus
744 1021 815 1067 theo-

1 1100 3 1102 '
26 1094 121 1139 reticam
135 1094 205 1153 illam,
223 1109 283 1151 qnae
299 1094 459 1140 necessitatem
477 1109 555 1138 carum
573 1093 709 1150 ostenderit,
732 1093 814 1137 mentis

28 1164 185 1209 eruditionem.
220 1164 400 1209 Hincvsummae
417 1164 549 1208 temeritatis
566 1179 615 1209 esse
632 1177 702 1222 supra
715 1162 763 1207 iam
778 1162 814 1206 di-

27 1239 90 1278 ctum
108 1239 153 1290 est,
175 1232 302 1278 universam
326 1233 416 1278 ethicae
436 1233 523 1278 uirtutis
546 1233 658 1277 rationem
676 1232 700 1276 iu
721 1232 815 1277 fortuiti

26 1301 158 1362 incertique
175 1317 200 1347 re
219 1304 356 1348 collocatam
373 1301 475 1359 habere,
500 1300 547 1347 eius
571 1303 636 1361 quud
653 1301 722 1362 fingit
736 1301 815 1346 homi-

26 1386 80 1415 nem
97 1372 154 1416 nihil
168 1371 268 1417 nativum
287 1373 349 1417 etin
371 1373 481 1432 cuiusque
503 1371 604 1417 hominis
627 1378 724 1432 pectore
747 1371 815 1417 situm

26 1441 134 1488 iudicare.
170 1442 197 1486 ln
219 1442 313 1499 ethicis,
341 1458 400 1502 quae
421 1443 452 1487 ad
476 1444 593 1488 universos
611 1442 717 1488 homines
739 1457 814 1500 aeque

25 1511 152 1569 pertinent,
174 1511 287 1571 plurimos
311 1527 439 1571 paucorum
461 1513 597 1558 auctoritate
617 1512 706 1557 moveri
730 1517 753 1557 et
775 1510 812 1555 his

27 1586 135 1638 tanquam
154 1579 246 1625 cardine
261 1581 318 1625 verli
335 1581 398 1625 nefas
414 1587 453 1628 est.

2 1695 3 1699 ,
78 1648 146 1694 Haec
162 1663 208 1693 non
225 1649 257 1693 ita
271 1649 339 1694 velim
355 1650 417 1695 dicta
435 1649 562 1706 existimari,
580 1655 606 1695 ut
621 1649 712 1695 Kanti
729 1655 812 1696 ancto-

1 1751 2 1756 ,
26 1717 80 1762 ritas
103 1717 209 1762 adversus
235 1719 379 1764 Hermesium
403 1720 480 1765 valere
501 1720 611 1766 videatur.
651 1719 732 1776 Quam
751 1720 813 1765 enim

25 1786 63 1831 ille
80 1788 212 1831 sententiam
230 1787 285 1832 dixit
300 1788 330 1833 de
346 1788 528 1836 theoreticorum
547 1795 570 1834 et
586 1788 716 1835 ethicorum
733 1790 814 1835 naturai

27 1861 50 1899 et
66 1855 123 1900 inter
139 1872 163 1901 se
181 1856 279 1916 ratione,
297 1874 325 1902 ea
341 1858 460 1905 duobus
477 1859 505 1903 in
524 1859 603 1906 locis
627 1860 657 1904 ab
676 1860 758 1905 erroris
773 1876 813 1905 su-

25 1923 128 1983 spicione
141 1926 179 1970 vix
193 1933 269 1986 potest
283 1927 384 1976 liberari.
417 1930 547 1974 Primum
564 1944 611 1973 non
625 1930 730 1986 ostendit,
745 1945 812 1975 men-

25 2001 85 2052 tem,
109 2010 160 2040 cum
184 2011 220 2040 res
239 2012 267 2042 ex
288 1996 368 2042 formis
389 2014 467 2044 rerum
487 2015 630 2060 cognoscere
652 2007 758 2055 conatur,
780 1999 812 2043 ita

25 2063 96 2108 teneri
118 2064 251 2124 impeditam
270 2073 453 2113 commentorum
474 2069 573 2114 invicem
596 2070 747 2130 pugnantium
764 2068 811 2112 fal-

26 2132 99 2192 lacia,
117 2141 205 2180 utnon
222 2137 294 2196 possit
310 2137 370 2185 haec
387 2154 434 2183 non
451 2154 637 2199 quoquoversum
654 2145 734 2199 patere
748 2144 770 2183 et
787 2138 811 2183 iu

2 2262 3 2265 Ἰ
26 2203 189 2263 sempiternum
210 2207 294 2252 valere.
330 2208 423 2254 Vanitas
446 2209 525 2266 studii,
552 2209 616 2269 quod
637 2209 661 2253 in
683 2208 811 2255 eruditione

1 2309 2 2312 ,
25 2272 106 2316 mentis
123 2274 153 2318 ad
170 2291 246 2322 rerum
264 2279 420 2339 cognitionem
438 2280 579 2341 proferendi
591 2284 698 2337 versatur,
716 2286 811 2325 nonest

26 2340 109 2386 effecta
126 2359 168 2402 per
185 2346 251 2391 istam
269 2349 442 2395 antinomiarum
460 2351 638 2395 ostentationem.
674 2349 729 2395 Fuit
750 2352 811 2396 enim

25 2408 84 2456 haec
101 2414 192 2470 mentis,
216 2422 242 2459 ut
258 2418 290 2461 ita
309 2419 416 2476 dixerim,
433 2421 526 2465 tentatio
544 2419 633 2463 abnuo
651 2420 756 2479 quodam
773 2421 811 2465 fa-

27 2486 75 2533 cta;
98 2479 153 2526 hinc
168 2483 233 2527 sedes
250 2486 367 2533 universae
386 2489 454 2534 huius
474 2490 561 2535 critices
579 2490 702 2550 erupirica3
724 2490 811 2537 dehinc

27 2548 143 2595 conclusio
155 2552 258 2597 eiusdem
273 2555 414 2616 dogmatica.
446 2560 500 2614 Ista,
515 2574 585 2618 quam
598 2559 684 2619 dicunt,
699 2561 809 2617 inductio,

26 2625 51 2663 ut
69 2620 112 2663 sint
128 2627 191 2665 recte
208 2627 349 2684 compositae
367 2628 470 2689 singulae
485 2627 533 2673 eius
545 2630 681 2689 particulae,
700 2633 809 2677 adfinem

28 2696 104 2734 tamen
125 2690 238 2750 perducta
259 2693 331 2738 videri
349 2702 372 2741 et
390 2698 483 2743 criticen
501 2699 641 2747 concludere
663 2717 709 2747 non
725 2698 807 2762 potuit.

26 2759 125 2805 Omnino
142 2761 204 2805 nulla
220 2760 335 2809 humanae
352 2767 432 2811 mentis
446 2768 575 2828 exploratio
594 2777 618 2817 et
635 2771 742 2824 definitio,
760 2767 808 2812 sive

26 2829 158 2891 dogmatica
175 2832 222 2877 sive
236 2833 336 2896 sceptica
354 2835 461 2884 criticave
476 2844 521 2897 est,
544 2841 676 2888 facultatem
697 2855 711 2883 a
727 2837 808 2884 naturis

25 2898 112 2945 insitam
126 2902 200 2947 metiri
216 2910 299 2963 potest.
334 2906 394 2951 Nam
412 2909 564 2958 eruditionem
580 2911 647 2955 huius
664 2922 726 2965 eam,
748 2923 809 2968 quae

25 2972 97 3028 possit
116 2987 176 3033 esse,
199 2975 274 3020 metiri
295 2990 341 3023 non
361 2982 446 3041 potest.
464 2980 632 3030 —Deinde
649 2977 738 3025 Kantus
761 2996 809 3027 non
