1732 3169
60 165 93 212 18
197 166 319 219 ⁸Praefatio
337 162 464 218 quaestionis
481 161 598 202 uniuersae.
623 159 642 215 ᾗ.
655 160 677 201 3.

58 305 110 336 6616
128 288 165 346 iis,
187 284 269 345 quibus
284 298 325 329 nos
348 281 487 329 Christus
504 283 535 328 ad
553 282 639 328 divinas
658 298 695 329 res
708 277 840 342 instituit²].

57 358 153 404 Rivnlos
172 355 308 411 consectari,
324 353 399 399 fontes
416 370 493 399 rerum
511 369 558 399 non
577 355 662 410 videre,
679 355 703 398 16
720 353 799 414 quavis
815 368 841 397 re

57 428 115 471 tardi
136 424 221 486 ingenii
242 430 287 484 est,
314 425 338 470 in
360 424 483 472 christianis
504 441 529 470 re
554 425 622 469 etiam
645 425 777 470 temeritatis
801 428 841 468 est.

57 495 226 552 Catholici,
247 496 383 554 quibuscum
398 496 530 541 Hermesius
550 497 574 540 in
595 494 644 540 hoc
666 511 691 540 se
715 494 842 541 consentire

55 567 171 628 professus
189 571 235 624 est,
252 567 276 611 in
294 567 393 613 articulis
411 567 465 613 tidei
481 566 569 612 habent
584 566 652 611 etiam
667 565 776 623 modum,
794 578 842 623 qno

55 644 108 699 post
130 636 273 698 Scripturam
292 639 379 683 sincera
400 654 436 684 res
459 637 543 684 Christi
566 638 595 682 ab
614 636 662 683 1166
684 636 714 682 611
738 641 842 696 posteros

55 715 187 769 propagata
209 708 237 752 sit
260 723 288 752 ac
314 715 463 771 propagetur.
499 709 588 765 Quibus
609 714 685 753 autern
711 706 843 751 hominibus

55 794 99 840 per
120 778 218 840 Spiritus
242 778 327 823 Christi
354 780 434 825 dotem
456 781 560 825 universa
578 794 646 825 cansa
674 784 697 823 et
721 775 844 838 theologia

57 849 180 895 christiana
197 854 266 908 atque
284 849 345 894 adeo
358 850 487 912 Magisterii
502 851 622 896 auctoritas
635 849 703 894 fuerit
715 847 843 903 commissa,

56 918 123 965 huius
140 921 174 964 rei
188 920 301 964 iudicium
320 926 372 965 ante
389 920 511 965 tridentina
525 926 631 980 tempora
648 921 785 980 plerumque
800 932 844 977 pc-

57 983 353 1046 6661611ς11611611ς6666
371 990 444 1035 visum
461 990 510 1035 fuit.
546 990 637 1034 Horum
654 989 769 1051 suffragiis
788 1001 844 1048 pro—

57 1060 117 1116 bati,
139 1061 202 1119 iique
224 1060 268 1104 soli
292 1075 320 1104 ex
343 1061 486 1105 universitate
504 1060 626 1106 doctorum
646 1060 737 1118 selecti,
759 1058 844 1103 refere-

57 1130 140 1175 bantur
166 1132 190 1175 16
215 1136 308 1190 patrum
334 1131 515 1192 conscriptorum
538 1130 680 1190 reipublicae
708 1128 845 1175 christianae

58 1200 162 1257 tabulas,
178 1200 202 1244 in
219 1199 386 1261 theologorum
404 1201 443 1260 qui
460 1202 593 1247 auctoritate
611 1202 634 1246 in
653 1198 749 1248 ecclesii
765 1199 845 1259 polle-

58 1276 110 1315 rent
125 1285 236 1317 canonem
256 1285 353 1320 sacrum.
387 1272 464 1316 Posita
481 1271 551 1333 igilur
572 1271 670 1330 denique
691 1271 714 1315 in
735 1268 783 1316 hoc
800 1269 845 1314 fnit

59 1340 190 1386 sinceritatis
207 1340 341 1387 traditorum
359 1341 491 1387 existimatio
509 1356 537 1387 ac
554 1341 609 1386 fidei
628 1340 763 1387 christianae
779 1339 845 1394 ratio,

59 1409 125 1469 quod
138 1409 222 1455 Christi
234 1418 291 1456 esset
308 1411 457 1457 moderamen
473 1411 591 1459 ecclesiae.
628 1411 696 1457 Cerni
710 1409 846 1456 6616611166

58 1478 209 1525 moderamen
227 1480 374 1526 crediderunt
392 1482 491 1527 maxime
508 1481 531 1526 16
549 1497 586 1538 66,
609 1482 673 1540 quod
687 1482 712 1526 in
730 1481 846 1541 plerisque

58 1565 143 1596 nomen
154 1550 217 1611 apud
233 1552 354 1596 ecclesiam
374 1552 481 1612 professis
499 1552 665 1597 conservaverit
682 1567 710 1598 ac
728 1555 847 1596 conservet

59 1619 164 1666 Christus
182 1621 342 1666 conscientiam
361 1624 420 1681 eius,
448 1621 513 1680 quod
536 1637 614 1666 verum
633 1627 657 1666 et
674 1622 703 1672 ab
721 1621 772 1681 ipso
791 1621 847 1664 olim

58 1690 190 1750 profectum
213 1696 278 1737 essct.
313 1691 497 1737 Consentaneum
512 1692 567 1748 fuit,
591 1691 614 1736 in
633 1691 679 1739 hac
697 1690 778 1736 6111661
797 1689 847 1735 661-

59 1760 160 1805 locatam
174 1760 255 1805 habeti
275 1777 367 1807 omnem
384 1762 524 1807 Traditionis
538 1767 561 1807 61
576 1761 704 1823 Magisterii
722 1760 847 1806 auctorita-

61 1836 115 1873 tem.
134 1855 170 1862 —-
190 1830 371 1891 Evangelici
395 1846 450 1875 vero
473 1832 608 1876 dissentiunt
628 1832 668 1877 vel
691 1847 705 1875 6
727 1829 848 1877 catholicis

61 1898 99 1943 vel
116 1897 174 1942 inter
191 1899 324 1959 semetipsos
341 1900 372 1945 de
389 1901 473 1957 modo,
496 1916 543 1960 quo
560 1901 666 1947 Christus
689 1916 753 1946 suam
768 1906 791 1945 et
808 1915 848 1946 66-

61 1968 145 2013 6166166
167 1982 217 2013 1661
239 1974 310 2029 gerat.
346 1969 426 2015 Varius
445 1971 505 2015 enim
521 1976 597 2031 potest
617 1987 665 2016 esse
681 1970 777 2027 modus,
800 1983 848 2028 quo

60 2036 101 2084 hic
128 2038 247 2084 ecclesiam
275 2039 388 2100 gubernat
411 2045 434 2084 et
459 2042 613 2100 posteritatem
647 2046 779 2100 temporum
803 2040 849 2084 lin-

61 2109 109 2168 git3
127 2108 226 2153 maxime
243 2108 273 2164 is,
292 2124 338 2167 quo
356 2109 419 2154 illam
436 2111 484 2154 veri
499 2127 512 2153 a
530 2126 555 2154 se
570 2112 645 2169 primo
663 2109 775 2170 propositi
791 2123 849 2153 con-

62 2177 179 2223 scientiam
194 2179 217 2222 16
234 2177 313 2222 6611616
331 2184 455 2224 conservat.
492 2179 595 2224 Christus
614 2179 685 2234 enim,
703 2180 785 2238 quibus
802 2178 848 2223 ho-

63 2246 159 2292 minibus
178 2254 201 2293 et
216 2263 263 2306 quo
281 2249 364 2306 cuique
380 2249 450 2293 modo
467 2255 495 2297 etv
507 2264 553 2307 qua
569 2265 612 2309 per
633 2256 764 2310 temporum
781 2248 849 2294 vicis-

122 2383 144 2436 1)
156 2385 201 2422 Una
213 2382 351 2437 disputatione
358 2376 541 2437 ¹complectendum
551 2386 622 2424 censui
632 2399 680 2424 eum
690 2387 767 2437 locum,
784 2400 848 2441 quern

64 2440 136 2478 tribuit
145 2443 263 2481 Hermesius
277 2443 312 2481 vel
324 2442 442 2482 Traditioni
454 2444 488 2482 161
498 2445 617 2495 Magisterio
634 2445 657 2482 16
671 2445 762 2484 fontibus
780 2458 850 2483 rerum

65 2496 148 2536 Christi.
177 2499 201 2537 Si
214 2499 299 2553 quidem
308 2499 437 2540 delentibus
448 2499 556 2555 disputatio
567 2509 607 2553 est,
625 2504 687 2541 unius
698 2503 760 2541 fontis
770 2504 850 2541 ratione

64 2553 159 2594 Traditio
168 2563 189 2594 et
199 2558 341 2610 blagisterium
354 2561 490 2599 continentur.
520 2560 643 2612 Refragatur
665 2562 717 2599 exili
736 2558 785 2598 huic
805 2560 850 2599 dis-

63 2613 160 2652 tinctioni
173 2620 246 2653 nature
258 2618 289 2655 rei
301 2615 474 2671 historiarumque
490 2620 606 2659 auctoritas.
635 2619 755 2658 Hermesins
764 2617 850 2672 quidem

65 2670 130 2721 dixit,
151 2671 268 2722 Magisterio
281 2687 293 2712 a
304 2675 421 2728 primordiis
435 2678 564 2717 commissam
582 2677 646 2716 fuisse
669 2690 711 2715 non
726 2689 797 2715 curam
815 2683 851 2714 aut

63 2735 188 2784 potestatem
196 2730 258 2768 novis
265 2733 353 2783 augendi
361 2734 442 2786 traditu,
457 2734 495 2774 sed
506 2733 621 2775 custodiam
630 2740 651 2773 et
659 2735 851 2788 interpretationem

63 2788 192 2828 traditorum.
214 2787 291 2826 Verum
299 2791 391 2843 Magistri
401 2795 498 2834 ecclesiae
509 2794 605 2833 continuo
615 2795 738 2831 exstiterunt
747 2793 851 2843 interpre-

64 2852 95 2884 tes
105 2848 163 2885 illius
174 2845 233 2899 quasi
242 2845 338 2896 „publici
345 2849 463 2901 Spiritns“,
486 2854 522 2906 qui
530 2852 679 2903 rempublicam
689 2862 767 2888 sacram
777 2848 851 2887 mode-

64 2904 104 2941 rari
117 2903 238 2944 credebatur
255 2910 327 2942 exacto
341 2907 437 2958 „Spiritu
445 2910 551 2960 privato.“
581 2910 601 2947 A
619 2908 693 2962 quibus
709 2907 754 2944 aliis
770 2914 851 2959 praeter

66 2960 147 3001 eosdem
157 2960 301 3004 Traditionem
309 2963 422 3015 profectam
432 2966 494 3006 luisse
505 2966 640 3019 suspicemur,
652 2978 695 3004 non
706 2965 792 3017 reperio.
851 2994 857 3000 .
