1732 3169
151 193 231 234 Rerum
245 193 343 248 cognitio,
358 205 401 234 uon
414 190 491 233 idoneo
504 190 534 234 od
545 187 714 249 suffragandum,
786 179 821 228 25

36 313 123 375 aliquid
141 313 243 371 dicatur,
264 316 355 377 figurae
370 331 398 362 ex
415 313 541 362 monadum
558 313 723 374 complexione
741 311 821 357 oriun-

35 387 79 431 dae
96 383 278 433 vicissitudinem.
315 385 442 446 Comperta
455 400 511 431 vero
529 384 622 430 minime
640 388 674 429 est
698 381 757 427 fides
775 381 820 426 hn-

35 458 98 501 iuscc
117 454 268 500 coniecturae.
303 454 358 515 Ipso
373 457 489 502 Herbarto
506 454 583 501 iudice
600 460 705 500 natarum
722 467 820 499 nascen-

36 526 138 583 tiunrqne
160 538 237 568 rerum
257 524 340 585 exigua
364 532 440 571 nostra
458 524 561 585 cognitio
584 529 624 570 est.
658 523 720 569 Hinc
742 522 818 584 magis

36 596 103 642 etiam
119 594 241 654 ambiguus
256 610 305 640 csse
322 594 412 641 videtur
427 594 510 640 modus
524 593 640 640 nascendi.

87 663 135 710 Sed
151 663 210 709 mihi
224 663 272 710 hoc
289 679 360 710 unum
382 665 426 710 fuit
448 664 606 726 propositum,
624 668 650 708 ut
672 676 740 708 causa
756 660 818 706 illius

33 734 118 779 virtutis
132 733 347 780 mathematicorum
359 735 409 796 ipsa
425 734 565 780 ostenderet:
583 732 757 794 philosophiam
770 745 818 776 non

33 805 129 860 habere,
143 820 184 850 cur
201 820 266 850 suam
284 812 368 851 sortem
379 804 513 867 deploraret
530 804 611 849 auide
629 804 673 849 suis
686 802 754 847 rebus
772 800 817 845 de-

34 879 144 936 speraret3
160 874 305 922 Hermesium
323 882 399 922 autem
417 875 543 937 oportuisse
561 881 690 936 susceptam
708 871 817 917 adversus

33 945 207 993 mathematicos
234 944 390 993 defensionem
422 945 601 1008 philosophicae
626 944 817 1005 theologicorum

32 1017 212 1078 praeparationis
231 1018 347 1064 continere
366 1018 390 1064 in
414 1016 482 1065 causa
498 1016 584 1063 virtutis
599 1013 816 1063 mathematicorum

34 1086 177 1148 explicandi.

388 1210 413 1278 §-
435 1211 458 1260 5.

31 1303 133 1365 Neque
150 1306 179 1351 in
196 1307 331 1370 simplici
346 1308 453 1354 mentis
469 1304 725 1363 conscientiam,
743 1315 817 1365 qnae

31 1375 174 1422 intuitum
194 1394 292 1423 rerum
315 1384 343 1424 ct
360 1378 446 1438 qnasi
466 1378 672 1424 immediata-m
687 1376 816 1422 necessi-

112 1451 202 1493 tatem
224 1449 350 1507 afferat,
373 1450 429 1493 sita
454 1454 496 1493 est
519 1450 598 1494 ratio
621 1447 733 1493 idonea

256 1518 292 1562 ad
316 1514 587 1580 suffragandumlj.

82 1605 216 1653 Hermesius
236 1611 376 1664 seutentiam,
394 1625 463 1669 quam
476 1609 522 1655 hac
540 1609 614 1654 dere
631 1608 732 1667 denique
749 1606 814 1664 dixit,

31 1673 167 1721 collocatam
190 1679 287 1723 maxime
309 1678 391 1723 hahuit
417 1680 441 1722 in
463 1679 638 1724 intellectus
662 1683 685 1723 ct
705 1677 814 1723 mentis

30 1742 219 1792 differentia.
252 1748 279 1793 In
296 1748 415 1793 tractanda
429 1748 476 1795 hac
489 1749 630 1808 quaestione,
642 1763 703 1808 qnae
717 1746 748 1791 de
763 1747 811 1792 dis-

28 1812 137 1859 tinctione
158 1815 293 1863 facultatum
316 1818 385 1863 animi
401 1818 497 1864 humani
514 1825 577 1864 mota
594 1819 644 1875 fuit,
661 1818 769 1878 plerique
782 1818 815 1863 ita

29 1884 112 1928 versati
123 1891 180 1942 sunt,
192 1893 217 1932 ut
232 1887 409 1949 disputationem
422 1889 496 1951 magis
506 1890 530 1934 in
546 1889 702 1950 appellatione
715 1889 749 1934 rei
759 1903 814 1934 con-

30 1952 102 1998 tinere
120 1969 189 2013 quam
208 1957 238 2001 ad
259 1973 308 2003 rem
329 1960 403 2020 ipsam
421 1960 544 2005 transferre
565 1960 703 2007 riderentur.
739 1958 765 2004 si
789 1959 814 2003 in

29 2020 78 2067 hoc
92 2025 138 2068 non
156 2028 316 2084 consenserint,
335 2030 392 2088 quid
405 2029 491 2075 intersit
505 2031 564 2076 inter
577 2032 711 2076 facultatem
726 2034 749 2074 et
758 2043 812 2073 mo-

29 2092 85 2138 dum
100 2095 192 2155 agendi,
210 2099 327 2157 caprinam
344 2101 421 2144 lanam
437 2100 537 2146 adversis
554 2102 659 2146 manibus
676 2099 812 2145 tractabunt.

28 2161 78 2207 Eae
96 2164 190 2223 quidem
211 2169 324 2227 rationes,
349 2170 431 2229 quihus
452 2170 540 2217 inducti
561 2171 667 2232 plurimi,
695 2174 719 2214 et
735 2169 760 2213 in
774 2167 812 2213 his

28 2230 159 2280 Hermesius
176 2244 260 2296 noster,
288 2246 423 2286 censuerunt
441 2241 498 2286 duas
515 2242 635 2287 facultates
652 2240 676 2283 in
692 2239 812 2284 intellectu

30 2302 85 2346 etin
97 2311 173 2350 mente
183 2309 251 2366 cerui,
266 2308 344 2355 ferunt
359 2311 485 2357 modorum
502 2312 593 2373 agendi,
610 2326 657 2356 non
673 2309 812 2356 facultatum

29 2369 187 2419 diversitatem.

80 2440 165 2487 Prior
193 2445 308 2503 quaedam
336 2449 395 2494 ratio
427 2450 475 2495 visa
506 2449 562 2494 huic
588 2448 633 2493 fuit
660 2449 758 2511 reperiri
788 2450 812 2496 in

29 2513 103 2565 ortu,
120 2510 144 2555 in
161 2526 207 2569 quo
226 2514 341 2576 discrepet
355 2518 446 2565 illarum
459 2518 577 2580 cogitandi
589 2519 726 2566 facultatum
743 2521 810 2568 actio.

28 2576 110 2623 Induci
126 2581 260 2639 perhibetur
277 2585 405 2633 intellectus
420 2588 450 2633 ad
468 2588 617 2650 cogitandam
634 2606 714 2636 rernm
729 2605 810 2636 neces-

28 2647 117 2692 sitatem
131 2651 160 2695 ab
177 2650 232 2710 ipsis
250 2654 358 2710 sensibus
376 2657 463 2702 formas
471 2673 547 2703 rerum
557 2660 730 2714 obiicientibus;
746 2672 809 2704 mens

27 2730 82 2760 vero
101 2717 131 2761 ad
149 2720 297 2780 cogitandam
312 2738 432 2771 causarum
448 2729 608 2775 necessitatem
633 2732 664 2778 ab
685 2729 807 2782 intellectu,

27 2786 130 2833 notiones
145 2804 223 2836 rerum
240 2791 358 2840 offerente.
392 2797 510 2858 Apparet,
535 2801 648 2847 rationem
666 2795 813 2845 discernendi

12 2934 25 2944 ⁷
69 2925 92 2979 1)
102 2927 196 2967 Hermes.
204 2929 219 2971 l.
228 2943 245 2971 c.
253 2943 301 2983 pag.
314 2930 443 2978 141-181.
473 2938 518 2980 Hcc
526 2939 549 2980 in
563 2941 609 2980 loco
624 2935 745 2989 complexus
760 2949 809 2976 sum

29 2986 191 3025 aestimationem
204 3001 251 3027 oum
263 2989 408 3044 explicatione.
