1732 3169
64 182 98 229 10
216 187 324 239 Praefatio
339 185 467 239 quaestionis
481 185 599 226 arataeo-soe.
625 183 643 239 §
661 185 681 225 ‘.'.

64 307 169 362 ostendit,
187 305 286 366 potuisse
304 306 381 367 legem
396 304 509 362 ethicam,
532 307 623 352 sublato
642 308 694 368 ipso
713 307 781 353 etiam
799 309 847 350 stu-

62 380 100 423 dio
125 376 315 432 theoreticorum,
340 382 427 421 tantum
451 377 586 422 auctoritate
611 383 635 422 et
657 383 769 438 potestate
785 375 847 421 vale-

60 463 97 503 re,
113 451 222 503 quantum
241 461 292 491 eam
311 446 397 492 adscita
413 446 540 493 theoreticis
555 446 682 493 eruditione
705 447 802 492 valuisse
820 461 854 490 ex<

61 531 136 562 rerum
161 514 312 562 humanarum
334 519 445 562 memoria
466 518 602 578 accepimus
638 518 695 562 Esto
725 517 771 562 hac
793 517 848 577 lege

61 584 229 646 comprehensa
243 588 295 632 satis
307 588 426 633 manifesta
441 588 577 649 significatio
593 589 684 647 eteius,
699 587 763 647 quod
776 602 848 647 agen-

59 657 114 701 dum
130 656 170 712 sit,
190 663 211 701 et
229 672 306 704 rerum
324 674 416 715 carum,
434 674 490 719 quas
508 675 556 704 esse
574 659 706 714 credamus,
725 672 772 717 quo
789 671 848 717 pos·

59 729 87 772 sit
103 726 149 786 agi.
187 727 246 773 Satis
268 728 345 774 valere
368 737 445 775 autern
467 729 528 777 haec
545 730 599 775 idea
616 729 701 791 agendi
716 744 744 773 ac
766 742 848 772 norma

60 796 169 842 credendi
203 814 249 843 rron
280 805 358 859 potest
392 801 423 844 ad
456 799 576 845 hominum
609 801 686 845 vitam,
728 798 760 843 Hi
788 797 848 842 enim

60 868 167 924 sentiunt,
186 883 235 914 sese
252 884 298 912 non
317 869 392 913 solum
408 885 514 915 sensuum
528 871 551 915 vi
566 873 651 931 magnei
664 869 784 928 impediri,
807 867 848 912 sed

60 939 128 983 etiam
144 952 197 982 cum
214 953 291 983 rerum
304 938 384 984 natura
402 941 509 985 continuo
527 940 643 985 contineri.
679 940 741 985 Hinc
757 938 847 983 ethico-

60 1023 111 1052 rum
128 1023 206 1053 causas
224 1014 246 1055 et
262 1009 320 1054 fines
337 1025 390 1056 cum
407 1011 474 1054 rebus
490 1010 615 1070 complecti
630 1014 803 1055 consueverunt.
815 1034 845 1041 —

60 1078 150 1123 Harum
167 1079 216 1124 lere
231 1079 344 1124 rationum
362 1080 384 1124 vi
402 1078 485 1126 invidt
502 1080 639 1124 retrahimur
657 1080 687 1124 ad
706 1077 848 1139 metaphysi-

61 1163 141 1194 corum
160 1149 272 1207 studium,
290 1151 352 1195 cuius
369 1165 444 1209 neque
458 1150 560 1211 logicam
578 1165 653 1208 neque
668 1148 768 1213 ethicam
783 1148 848 1193 vani-

62 1225 134 1263 tatem
150 1218 239 1263 Kantus
260 1220 403 1273 monstravit;
425 1220 456 1264 ad
476 1219 610 1265 diluendum
630 1226 704 1265 autem
728 1218 792 1262 illum
810 1217 847 1261 fu-

62 1303 130 1343 cum,
157 1304 226 1346 quem
248 1288 289 1334 hic
307 1296 424 1348 tamquam
446 1290 558 1335 factitium
581 1289 684 1335 colorem
709 1288 848 1334 auctoritatis

63 1363 86 1402 et
102 1359 221 1418 potestatis
238 1358 326 1403 induxit
343 1359 414 1404 menti
431 1359 461 1403 ad
479 1359 596 1420 agendum
614 1375 663 1404 sese
680 1358 813 1418 applicanti.

113 1427 196 1487 Neque
213 1427 355 1474 Herbarti
372 1428 481 1473 sententia
505 1429 587 1487 cuique
604 1429 698 1488 probari
722 1443 789 1487 posse
812 1427 848 1471 ri-

61 1495 139 1549 detur;
161 1513 293 1556 quanquam
314 1515 360 1560 ego
382 1499 475 1557 quidem
504 1498 630 1543 admodum
650 1513 758 1558 magnam
779 1497 847 1542 huius

61 1567 103 1611 viri
119 1568 276 1612 auctoritatem
292 1584 340 1613 esse
359 1569 462 1613 arbitror.
499 1567 543 1612 Cui
558 1583 627 1627 quum
641 1567 848 1622 tantuma-thuani,

61 1652 100 1695 ea,
117 1636 141 1681 in
157 1637 238 1696 quibus
249 1637 278 1682 ah
289 1639 373 1684 eodem
383 1637 548 1684 discedendum
560 1654 606 1683 esse
615 1639 707 1698 putavi,
725 1642 848 1698 potuerunt

61 1707 214 1766 dubitationis⁷
235 1722 282 1751 non
297 1709 439 1755 dissensionis
453 1714 556 1753 naturam
572 1724 687 1770 arrogare.
723 1708 769 1754 Hic
778 1708 848 1768 igitur

61 1776 216 1837 philosophus
235 1792 281 1821 non
300 1779 376 1838 ipsum
402 1779 496 1838 quidem
525 1779 611 1826 cultum
637 1777 804 1837 metaphysices
826 1782 849 1821 et

62 1846 179 1891 universae
197 1846 337 1894 theoreticae
352 1847 516 1908 philosophiae
531 1865 545 1892 a
562 1849 642 1894 mentis
660 1849 782 1905 facultate,
806 1846 848 1890 sed

62 1930 128 1961 usum
146 1916 193 1962 eius
211 1932 225 1960 a
242 1917 302 1962 vitae
319 1924 381 1963 recte
398 1917 549 1964 instituendae
566 1919 652 1963 ratione
670 1919 769 1963 alienum
786 1916 848 1961 iudi-

63 1988 130 2034 cavit.
164 1986 226 2032 Ideis
249 2002 304 2032 vero
327 1987 406 2034 ethicis
424 1994 509 2032 tantam
528 2004 624 2047 eamque
646 1990 711 2047 quasi
733 1987 848 2048 magicam

62 2057 109 2102 vim
125 2057 210 2113 tribuit,
227 2062 253 2101 ut
270 2057 361 2105 ethicen
378 2059 401 2103 in
417 2074 462 2103 uuo
480 2057 529 2104 hoc
545 2058 694 2104 fundamento
713 2062 848 2103 exstructam

63 2127 113 2174 fere
139 2127 264 2188 improviso
290 2129 384 2188 prodire
414 2144 499 2176 cernas.
541 2129 689 2188 Complectar
713 2129 782 2173 totius
802 2127 848 2172 loci

62 2196 129 2243 huius
147 2205 321 2259 argummtunrg
339 2198 433 2258 dequo
451 2198 515 2259 apud
532 2199 672 2244 Herbartum
689 2199 722 2244 sic
741 2199 790 2244 fere
808 2212 847 2242 ex-

64 2269 163 2328 positum
181 2276 219 2317 est.

116 2338 327 2399 Metaphysice
346 2344 369 2382 et
386 2338 493 2393 ethice,
510 2337 590 2399 inquit,
607 2337 728 2398 separatim
740 2337 770 2382 ad
782 2351 848 2381 suum

64 2423 169 2466 quaeque
196 2410 280 2456 exitum
305 2409 337 2453 ita
360 2407 524 2469 perducendae
548 2414 610 2465 sunt,
635 2415 659 2452 ut
681 2424 710 2453 ne
728 2412 849 2467 quaeratur·

65 2477 170 2536 quidem,
187 2495 241 2525 nunt
256 2479 332 2539 aliqud
348 2480 435 2524 ratione
449 2479 507 2522 inter
521 2494 570 2524 sese
588 2479 749 2523 contineantur.
786 2476 850 2522 Con-

64 2547 138 2593 iicitur·
153 2553 247 2608 utraque
265 2565 293 2595 err
311 2550 460 2611 physicorum
475 2549 616 2608 potissimum
634 2556 682 2595 arte
701 2555 723 2593 et
746 2547 849 2607 discipli-

63 2618 99 2664 nd.
135 2616 203 2664 Hanc
214 2619 307 2665 dicimus
318 2620 512 2681 investigationem
524 2620 571 2665 eius
579 2620 618 2665 vel
629 2634 705 2665 rerum
716 2618 754 2663 vel
770 2617 848 2662 homi-

63 2705 120 2735 num
137 2694 243 2743 naturae,
260 2705 319 2747 quae
336 2692 406 2737 menti
421 2708 435 2736 a
450 2691 551 2737 sensibus
570 2691 661 2736 obiecta
677 2695 700 2735 et
714 2689 740 2734 ln
755 2704 797 2734 usu
814 2689 849 2732 vi-

63 2768 100 2806 tae
115 2758 241 2820 conspicua
256 2765 295 2806 est.
330 2761 488 2808 Consideranti
509 2768 612 2806 natur-am
627 2761 745 2819 utriusque
758 2758 849 2820 generis

64 2831 144 2875 adsunt
162 2830 222 2886 eius,
240 2828 304 2886 quod
317 2831 359 2888 sit,
382 2848 428 2877 non
444 2832 511 2877 ideae
528 2831 599 2878 menti
615 2831 704 2888 insitae,
728 2829 768 2874 sed
783 2828 849 2873 vesti-

65 2900 104 2959 gia
118 2903 186 2948 rebus
200 2901 317 2959 impressa.
353 2901 472 2962 Apparent
488 2902 562 2960 haec,
576 2901 595 2945 si
611 2901 737 2962 prudenter
748 2904 849 2944 versatur

65 2968 88 3012 in
103 2970 169 3017 rebus
186 2970 359 3035 cognoscendis.
395 2972 447 3017 Hae
471 2977 638 3033 cognoscuntur
662 2986 689 3017 ex
709 2969 731 3015 vi
752 2969 849 3032 impres—
