1732 3169
144 189 179 230 De
193 186 297 230 eutholiod
309 189 453 245 philosophiae
469 188 577 232 Hermesu'
593 186 680 230 aarum.
788 182 822 229 19

34 313 153 362 situdinem
171 311 280 357 varietate
297 307 325 360 td
343 315 437 374 πνεῦμα
454 313 576 375 largiturus
594 317 665 369 esset,
684 310 732 359 hoc
749 327 821 374 geue-

33 386 99 433 ratim
119 400 133 429 a
155 383 245 429 nemine
263 384 367 430 constitui
385 385 468 441 voluit,
491 385 532 430 sed
550 400 592 446 per
610 385 656 430 rim
675 390 698 428 et
716 383 822 430 etlicaci-
849 377 851 379 ’

33 463 102 503 tatem
119 455 166 500 τοῦ
184 448 319 513 πνεύματος
338 455 360 499 in
378 455 473 517 singulis
495 471 542 502 esse
564 455 716 500 manifestum.
748 449 821 501 Ἕκα-

35 536 91 583 στος
107 523 217 587 βλεπέτω,
239 525 291 581 πῶς
307 524 468 585 ἐποικοδομεῑε
491 524 575 572 lCor.
591 527 613 583 3,
630 525 723 573 8-15.
758 526 819 583 Alia,

34 597 75 644 sed
93 598 122 641 ab
137 595 161 640 h.
180 594 196 639 l.
215 594 290 638 aliena
308 601 341 639 est
357 596 415 640 ratio
434 596 493 650 eim,
511 596 575 655 quod
590 596 648 641 ferat
668 596 764 656 pubHca
782 611 820 641 sa-

34 682 125 717 crorum
142 665 273 712 communio
292 670 361 725 atque
376 665 512 712 constitutio.

86 738 113 783 lu
131 735 313 784 catholicam
333 742 409 781 autem
428 742 451 781 et
470 734 620 782 ecclesiae
644 740 820 781 consentaneam

34 807 177 870 theologiam
188 806 281 852 minime
290 807 379 868 scripsit
384 806 516 853 Hermesius
521 805 717 851 introductionem.
736 805 820 850 Fefel-

34 880 93 924 lerat
110 894 161 924 eum
179 877 220 922 illa
238 877 402 938 principiorum
422 876 575 940 cognoscendi
594 883 616 922 et
632 876 820 937 cognoscentium

34 949 199 1011 principiorum
217 947 338 995 distinctio.
373 948 399 992 In
417 947 453 993 his
471 963 523 994 cum
541 947 655 992 humanae
670 946 740 990 menti
755 946 822 990 dedit

35 1020 190 1081 cognitionem
211 1017 348 1064 auctoritatis
365 1018 469 1074 illorum,
490 1018 606 1079 professus
630 1022 663 1062 est
685 1016 821 1061 rationalem

35 1089 281 1150 supranaturalismum.
315 1089 423 1135 Ecclesia
449 1088 512 1134 hunc
536 1088 634 1134 eundem
658 1092 755 1146 propter
781 1086 821 1129 illa

36 1160 192 1221 cognoscendi
209 1157 328 1220 principia,
345 1159 445 1204 maxime
456 1164 553 1220 propter
561 1157 720 1203 Traditionem
733 1161 755 1200 et
766 1155 822 1200 Ma-

35 1230 160 1291 gisterimn,
178 1238 230 1274 ante
246 1229 393 1274 tridentinam
411 1235 511 1275 aetatem
521 1244 591 1289 aegre
607 1226 705 1282 ferebat,
722 1225 823 1285 posthac

36 1301 136 1363 exclusit.
171 1301 230 1346 Ante
247 1298 307 1344 istud
327 1299 449 1346 concilium
465 1299 513 1345 hoc
528 1313 599 1344 unum
616 1296 680 1342 nefas
699 1302 754 1351 erat,
772 1295 823 1340 tolli

35 1372 150 1433 corrigire
167 1372 259 1429 antiqua
279 1370 350 1430 novis,
366 1370 461 1431 placere
472 1369 532 1416 haec
550 1369 605 1429 quin
617 1372 690 1414 essent
708 1372 748 1411 aut
766 1381 823 1412 con-

35 1447 139 1487 sentanea
156 1440 200 1484 iilis
219 1445 257 1484 aut
275 1454 303 1484 ex
317 1440 397 1486 iisdem
416 1440 525 1487 derivata.
562 1440 618 1484 Post
630 1437 689 1482 illud
704 1450 759 1481 vero
778 1436 822 1480 ab·

34 1510 108 1556 soluta
130 1510 174 1555 fuit
196 1508 328 1571 dogmatica
349 1526 403 1571 pars
422 1510 455 1554 rei
482 1510 512 1555 ab
538 1507 675 1569 Magisterio
697 1506 822 1567 gerendae.

34 1580 134 1625 Proinde
153 1579 258 1638 Magistri
281 1593 334 1624 cum
357 1580 470 1624 Pontifice
492 1577 600 1624 sederunt
620 1591 667 1621 non
688 1576 775 1621 iudices
799 1582 822 1620 et

35 1650 113 1694 arbitri
129 1647 296 1707 perficiendae,
313 1647 354 1692 sed
372 1648 477 1693 custodes
494 1648 613 1708 perfectae
629 1645 822 1706 interpretationis

35 1733 112 1763 rerum
126 1716 216 1762 Christi.
252 1716 296 1774 Hi,
314 1722 340 1761 ut
356 1718 455 1763 maxime
473 1717 557 1773 alienia,
576 1716 690 1761 tridentini
707 1715 823 1777 Magiste-

34 1787 62 1831 rii
76 1802 104 1833 ae
121 1787 207 1845 Papae,
225 1790 295 1844 atque
312 1792 337 1831 ut
352 1787 445 1833 minime
459 1787 500 1833 suh
515 1783 648 1832 auctoritate
663 1785 823 1843 movebantur,

34 1857 65 1900 ita
80 1856 177 1900 maxime
195 1855 287 1915 probati
303 1857 445 1917 reipublicae
462 1857 560 1903 fuerunt.
571 1855 750 1900 —Hermesius
767 1869 822 1901 vero

33 1926 57 1969 in
79 1925 164 1985 philos.
183 1925 267 1972 introd.
287 1923 335 1972 hcc
353 1927 446 1973 efficere
463 1926 548 1983 voluit,
570 1932 597 1971 ut
615 1931 752 1986 appareret:
775 1940 823 1970 esse

34 2010 88 2040 vera
106 1996 172 2040 etiam
191 2010 233 2054 per
250 2010 274 2040 se
291 2001 314 2039 et
333 2011 361 2041 ex
369 1996 485 2043 humanae
494 1996 575 2042 mentis
588 1996 686 2053 iudicio,
701 2010 761 2054 quae
776 1995 823 2040 iam

34 2065 126 2126 pridem
143 2065 233 2128 fuerant
250 2079 304 2109 vera
321 2080 365 2127 per
383 2068 503 2113 ecclesiam
521 2073 585 2111 etex
599 2065 727 2126 Magisterii
745 2064 822 2109 divino

35 2134 140 2188 arbitri03
164 2140 233 2193 atque
250 2133 309 2179 adeo
328 2141 435 2197 oportere
450 2136 497 2184 hoc
515 2136 632 2181 arbitrium
650 2149 692 2194 per
709 2133 768 2177 illud
785 2133 823 2178 iu-

36 2204 121 2249 dicium
139 2204 290 2250 corroborari.
326 2205 407 2266 ltaque
430 2223 483 2255 cum
504 2222 528 2252 se
546 2204 657 2266 applicuit
674 2203 704 2246 ad
722 2203 823 2249 seriben-

37 2273 92 2317 dum
110 2274 174 2318 illum
192 2274 284 2329 librum,
303 2283 431 2321 excusserat
445 2276 574 2322 servitutem
592 2274 709 2327 ecclesiae,
724 2271 823 2318 desierat

36 2357 83 2387 esse
104 2343 127 2387 in
151 2342 319 2389 catholicorum
336 2346 486 2394 universitate.
520 2342 656 2403 lnsingulis,
677 2342 823 2403 quaescrip-

36 2411 76 2468 sit,
94 2412 139 2457 sive
154 2413 254 2471 probum
271 2412 318 2457 sive
334 2415 466 2474 improbum
482 2414 591 2461 ecclesiae
608 2426 696 2456 servum
720 2426 745 2456 se
768 2427 824 2471 ges-

36 2480 75 2536 sit,
92 2480 189 2541 perinde
204 2485 243 2527 est.
280 2479 356 2528 Gessit
370 2499 425 2529 vero
443 2500 491 2530 sese
505 2482 588 2544 passim
605 2481 747 2540 improbum.
777 2482 824 2527 Pa-

35 2554 95 2593 trum
113 2555 136 2593 et
151 2548 341 2597 scholasticorum
356 2552 528 2615 theologorum,
545 2566 603 2609 quos
618 2556 697 2595 monet
712 2551 822 2611 frequen-

34 2624 69 2662 tes
85 2619 109 2662 in
131 2617 282 2677 philosophiir
299 2619 378 2678 fuisse,
399 2623 438 2668 rel
458 2622 588 2667 innocentia
610 2620 695 2667 certior
718 2628 766 2667 erat
784 2619 822 2664 rel

35 2687 176 2732 innocentior
191 2693 263 2744 aetas,
290 2695 330 2733 aut
352 2691 434 2736 eadem
451 2692 495 2735 fuit
512 2706 572 2750 quae
589 2690 706 2736 Hermesii
722 2691 818 2733 fortuna.

88 2751 136 2802 Sed
154 2754 394 2816 philosophandi
411 2761 488 2805 ratio
506 2759 651 2807 hermesiana
665 2761 683 2805 is
697 2760 761 2803 locus
779 2762 820 2813 est,

35 2824 120 2884 inquo
138 2840 184 2871 uno
203 2826 335 2885 explicatius
352 2830 472 2875 tractando
484 2846 537 2876 mea
552 2830 613 2877 haec
630 2827 749 2889 disputatio
767 2841 822 2871 ver-

38 2895 129 2942 sabitur.
165 2894 245 2940 Virum
260 2895 319 2942 inter
335 2913 424 2959 paucos
438 2901 559 2964 egregium
573 2900 665 2947 eximius
678 2893 768 2955 pietatis
785 2912 824 2941 ar-

38 2962 82 3008 dor
108 2966 219 3027 compulit
240 2965 271 3011 ad
292 2966 490 3032 philosophorum
515 2980 538 3019 et
566 2965 697 3080 dogmaztipe
728 2965 824 3024 quidem
