1797 3152
221 159 255 202 De
269 160 396 202 necessitate
409 159 494 202 divinae
504 159 644 202 revetationis.
748 153 749 156 ’
796 149 829 196 il

40 281 168 345 pelluntur·;
191 282 238 328 imo
260 283 364 342 veroad
387 282 543 330 auferendam.
579 281 698 343 Siquidem
718 296 764 328 nou
786 295 830 342 per·

41 353 175 414 sapientiam
193 354 328 417 desipientes
340 355 399 400 'solis
417 356 471 413 sibi,
490 354 555 415 quod
573 356 675 400 omnium
693 359 737 413 est,
762 367 829 398 arro-

41 429 104 486 gant,
122 425 240 471 fortuitam
257 428 333 488 potius
351 442 420 486 quam
439 427 599 486 sempiternam
616 425 717 471 futuram
736 429 829 471 censent

27 496 113 558 istam,
132 512 201 556 quam
218 497 241 541 in
262 497 354 558 populo
371 496 562 557 deprehendunt,
587 496 687 542 ethicam
703 497 828 542 necessita-

41 572 88 611 tem
103 568 253 613 revelationis.
289 569 371 627 Neque
388 567 471 624 iidem,
494 582 547 613 cum
564 566 588 611 iu
603 568 733 628 opinionem
750 567 828 628 potius

40 637 124 698 populi
140 653 208 697 quam
226 639 249 683 in
266 638 388 698 vestigium
406 651 434 683 ac
453 637 616 683 documentum
638 653 693 684 vere
714 637 770 685 huic
788 637 828 682 fa-

41 714 92 754 ctae
106 709 249 755 revelationis
267 709 373 753 incidisse
390 707 433 752 sibi
450 707 563 764 videntur,
581 710 651 754 menti
667 710 711 770 ipsi
722 709 828 754 iniuriam

38 778 139 824 intulisse
166 777 274 826 censendi
300 784 356 825 sunt.
398 778 452 823 Non
480 779 601 839 pertinebit
626 778 685 824 haec
712 796 726 824 a
753 779 827 824 doctis

40 849 146 894 adversus
172 849 319 895 indoctorum
349 853 449 893 mentem
474 855 538 893 mota
564 850 645 894 erroris
673 851 772 910 suspicio
796 849 827 894 ad

39 919 113 980 ipsam
130 920 221 964 illorum
239 925 346 964 mentem.
380 918 537 980 l)iscrepantia
555 919 616 964 euim
634 925 667 965 est
684 920 827 971 eruditionis;

41 997 111 1048 atque
128 990 250 1035 Hermesio
261 990 354 1049 quidem
371 988 564 1050 philosophantes
582 995 645 1036 recte
660 1005 707 1035 uon
725 989 780 1035 ferri
794 989 827 1035 vi-

41 1061 156 1105 debantur
175 1060 214 1105 sud
233 1061 355 1105 eruditiore
372 1066 449 1104 mente
467 1061 497 1105 ad
517 1060 581 1104 illam
604 1060 669 1122 vulgi
686 1061 820 1121 opinionem

39 1131 159 1179 Potuerint
175 1131 244 1192 igitur
261 1146 307 1176 non
326 1130 356 1175 ad
374 1135 447 1174 ratam
462 1129 606 1188 habendam,
628 1129 669 1174 sed
687 1130 717 1175 ad
735 1132 828 1191 patien-

38 1207 74 1245 ter
91 1201 218 1258 ferendam,
235 1200 347 1261 paulatim
360 1214 416 1245 vero
435 1200 579 1245 eximendam
594 1200 691 1244 eandem
710 1201 828 1260 compelli.

39 1272 120 1330 ltaque
137 1271 306 1317 Hermesius
324 1271 396 1331 longe
414 1269 514 1314 abfuit
537 1287 551 1314 a
568 1270 759 1315 revelatione
776 1285 829 1331 per·

39 1341 273 1402 philosophiam
291 1340 483 1386 stabiliendi.
511 1341 564 1385 Nou
583 1340 692 1400 explicuit
708 1342 829 1396 rationem,

39 1427 85 1471 qua
112 1411 238 1457 necessario
256 1411 319 1456 facta
336 1411 363 1457 sit
382 1410 498 1456 revelatio.
535 1409 583 1456 Sed
606 1411 705 1455 narravit
724 1411 828 1468 modum,

40 1496 87 1541 quo
105 1482 175 1527 facile
195 1482 316 1538 acciderit,
343 1486 368 1525 nt
387 1480 466 1540 opinio
489 1479 549 1526 haec
569 1485 592 1525 et
609 1486 764 1527 commentum
778 1482 827 1527 hoc

39 1558 140 1597 nostram
159 1552 299 1612 superaverit
316 1555 421 1597 aetatem.

93 1621 160 1677 Quae
177 1622 266 1682 reliqua
277 1626 334 1680 sunt,
350 1636 377 1666 ca
394 1618 501 1681 persequi
515 1619 577 1665 nolo.
613 1618 658 1663 Vel
674 1620 735 1664 enim
749 1636 826 1681 pauca

39 1691 172 1751 levioraque
185 1692 226 1736 illa
243 1697 305 1746 sunt;
323 1691 367 1747 vel,
382 1687 502 1750 propositi
516 1690 549 1734 rei
566 1690 660 1749 summiq
677 1690 772 1736 illorum
787 1698 827 1737 aut

40 1763 122 1808 veritas
134 1768 173 1807 aut
190 1764 276 1809 vanitas
289 1761 438 1820 consequitur.

202 2771 315 2807 niustria,
340 2769 419 2797 Tr'Pls
440 2771 458 2801 Β,
481 2772 500 2798 (ἶ.
521 2770 662 2799 Tuuulvuur.
