1732 3169
68 176 102 223 12
230 180 338 233 Praefatio
355 179 484 233 quaestionis
498 181 613 221 zulte-eren.
632 180 651 235 ξ.
663 179 684 220 2.

66 304 171 349 deserere
187 299 315 353 hominem3
329 299 462 359 praesertim
477 299 495 344 si
510 300 550 346 hic
560 300 692 347 censendus
709 300 737 346 sit
751 299 853 362 pendere

66 375 122 419 inter
143 386 219 415 rerum
241 384 291 414 sese
313 369 447 431 fingentium
470 371 588 416 arbitrium
611 376 634 415 et
655 371 744 416 animae
761 372 853 416 inanem

64 439 206 500 inspectandi
227 439 391 499 iudicandique
413 441 525 488 laborem.
561 440 632 501 Apud
650 440 792 485 Herbartum
810 456 853 485 au-

65 518 112 556 tem
128 510 219 554 residua
233 509 322 555 homini
339 526 385 557 non
403 517 437 557 est
453 512 495 556 nisi
513 526 583 557 caeca
601 509 666 565 fides,
685 526 754 571 quam
767 510 853 556 habeat

65 581 121 626 ideis
142 580 256 641 practicis.
292 582 353 626 Nam
375 583 497 628 auctoritas
517 581 601 627 harum
623 581 687 625 nulla
712 588 759 637 est,
783 582 802 626 si
819 590 853 625 est

65 652 123 707 eius,
145 651 210 709 quod
227 652 369 712 inspectante
387 652 481 699 homine
496 653 534 711 fit,
550 658 572 697 et
591 652 650 709 eius,
675 651 739 710 quod
757 651 807 711 ipse
822 651 852 696 de

63 720 112 768 hoc
129 721 223 778 iudicat,
242 721 372 769 coniunctio
391 739 419 770 ae
436 724 592 768 convenientia
610 728 649 767 aut
665 722 729 766 nulla
745 727 785 766 aut
801 721 852 765 for-

65 794 122 838 tuita
142 798 181 837 aut
199 792 322 854 ambigua3
345 794 378 838 ita
395 794 503 855 quidem,
524 799 550 839 ut
572 799 635 839 recte
657 794 685 838 ab
707 793 758 854 ipso
784 792 853 837 etiem

64 863 140 909 studio
155 862 217 909 hanc
235 865 392 924 cognoscendi
409 865 581 925 prohibeamur.
616 863 717 909 Differre
736 863 795 909 enim
815 863 852 906 iu-

65 935 149 979 bemur
165 933 214 979 hoc
232 934 345 992 studium,
364 934 440 981 donec
457 935 526 996 ipsius
544 941 638 979 naturae
655 949 731 978 rerum
750 933 852 995 cognitio

65 1004 92 1049 sit
110 1004 213 1049 omnibus
225 1006 325 1049 numeris
348 1005 460 1051 absoluta.
497 1004 569 1061 Quod
590 1019 645 1048 num
663 1004 734 1064 possit
751 1019 852 1063 unquam

65 1075 128 1130 fieri,
151 1080 174 1119 et
192 1075 230 1134 qui
249 1075 338 1120 iuturus
360 1074 388 1120 sit
410 1075 444 1120 rei
464 1075 546 1132 exitus,
569 1089 713 1135 congruusne
738 1089 790 1119 cum
814 1088 850 1130 eo,

66 1145 130 1206 quod
153 1145 221 1189 ideae
240 1144 330 1191 ethicae
347 1146 435 1202 ferunt,
458 1161 487 1190 an
506 1147 536 1190 ab
553 1144 602 1190 hoc
622 1146 719 1201 alienus,
738 1145 851 1190 incertum

67 1222 107 1261 est.
142 1215 211 1260 Nunc
225 1215 331 1276 *quidem
359 1231 430 1261 unum
451 1216 499 1261 hoc
525 1216 638 1274 reliquum
662 1222 706 1271 est,
733 1222 759 1260 ut
781 1215 851 1259 unum

66 1286 188 1347 bipartitae
204 1284 272 1331 huius
289 1286 328 1331 vel
341 1302 417 1331 rerum
432 1287 471 1331 vel
487 1285 606 1330 hominum
624 1290 717 1330 naturae
734 1290 851 1331 auctorem

66 1361 226 1415 rectoremque
248 1370 297 1401 esse
318 1355 452 1417 simpliciter
466 1356 613 1413 credemus,
640 1354 745 1414 quarrrris
772 1361 852 1400 neutra

66 1431 146 1471 natura
163 1426 320 1471 necessitatem
339 1427 385 1471 eius
400 1427 465 1473 ferat.

115 1495 170 1551 Quo
185 1495 257 1540 minus
271 1494 327 1541 huic
344 1497 404 1541 ultra
417 1496 564 1542 Aristotelem
579 1496 684 1555 prolatae
702 1493 851 1555 physicorum

66 1570 90 1611 et
105 1565 234 1610 ethicorum
251 1566 387 1624 separationi
405 1565 532 1626 suffrager,
546 1565 645 1625 impedit
665 1566 716 1625 ipsa
734 1581 774 1620 ea,
792 1579 852 1623 quae

64 1636 88 1680 in
108 1633 168 1680 vitat
188 1634 337 1681 hominum
359 1637 406 1681 sive
429 1635 611 1696 deprehenditur
631 1637 678 1680 sive
702 1635 850 1696 significatur,

65 1704 214 1750 hominum
236 1711 345 1753 natura.
380 1706 419 1751 Ex
441 1705 477 1751 his
499 1706 559 1750 enim
582 1706 597 1749 ii
619 1721 677 1766 prae
695 1704 852 1750 ceteris'bene

67 1776 151 1821 morati
175 1782 197 1820 et
219 1775 371 1836 intelligentes
388 1775 516 1832 habentur,
540 1776 590 1834 qul,
613 1775 654 1820 ubi
676 1775 722 1820 sive
741 1791 755 1819 a
772 1780 849 1819 mente

67 1846 114 1890 sive
135 1845 165 1889 ab
181 1844 257 1890 animo
275 1846 306 1890 ad
328 1861 364 1891 res
383 1845 419 1890 his
440 1846 504 1890 terris
522 1845 626 1902 elatiores
645 1845 779 1906 cogitandas
801 1850 849 1889 tra-

66 1915 164 1972 huntur,
182 1915 212 1960 ad
227 1930 281 1960 suae
292 1921 386 1961 naturae
402 1915 506 1967 indolem
519 1917 615 1976 propius
634 1915 746 1961 accedere
761 1930 785 1958 se
800 1930 852 1961 cre-

67 1985 137 2040 dunt;
163 1986 203 2030 ubi
226 1999 281 2030 vero
303 1986 327 2030 in
349 1986 419 2031 rebus
439 1985 485 2033 hae
511 1986 535 2030 in
557 1985 619 2031 terri
644 1984 792 2030 circumiectis
813 1984 851 2030 vel

68 2054 188 2102 continent
206 2071 230 2100 se
252 2055 289 2100 vel
306 2057 461 2115 continentur,
485 2055 555 2101 facile
577 2054 683 2101 accidere
702 2053 851 2114 suspicantur,

66 2133 91 2172 ut
108 2127 138 2172 ab
158 2124 199 2170 sud
215 2124 296 2170 naturis
319 2125 449 2172 deflectant.
484 2125 510 2170 Si
530 2141 577 2171 non
598 2139 690 2185 prorsus
710 2130 797 2170 temere
819 2125 852 2171 sic

67 2196 186 2242 existimari
193 2196 316 2251 cousuevit,
328 2203 502 2242 consentaneum
513 2188 776 2256 acpaenenecessnrium
784 2194 853 2252 duco,

67 2272 93 2310 ut
110 2266 196 2324 ethice,
215 2282 275 2326 quae
292 2266 456 2312 humanitatem
472 2265 552 2326 fingat,
569 2272 689 2323 utramque
701 2270 794 2309 naturae
806 2264 852 2309 hu-

68 2350 149 2381 manae
169 2338 232 2396 quasi
256 2342 346 2397 partem
366 2336 547 2397 complectatur,
571 2343 594 2380 et
612 2334 674 2380 hanc
697 2350 756 2394 quae
777 2341 811 2381 est
829 2341 852 2380 et

69 2405 133 2450 illam
151 2421 209 2465 quae
227 2407 313 2453 debeat
330 2408 392 2454 nasci
411 2413 433 2453 et
451 2406 538 2467 effingi.
572 2406 641 2452 Nasci
665 2410 688 2450 et
710 2405 792 2466 effingi
810 2419 852 2450 au-

67 2520 193 2571 propositam
218 2534 301 2561 causam
328 2520 464 2574 praetermitti
493 2533 530 2572 par
560 2526 610 2559 erat.
650 2518 852 2560 Schleiermacherus

68 2576 126 2615 enirn
146 2585 257 2629 censuerat,
275 2580 383 2618 literarum
408 2580 524 2631 artiumque
547 2578 638 2619 studium
659 2580 684 2617 ab
702 2576 774 2616 ethicis
798 2591 852 2616 nau-

68 2635 118 2674 cisci
130 2631 255 2684 dignitatem.
284 2638 384 2677 Herbarto
394 2638 463 2676 visum
474 2644 515 2686 est,
530 2635 569 2675 hoc
580 2636 642 2675 modo
653 2637 772 2676 universam
783 2642 852 2674 meta-

66 2691 176 2747 physieam
185 2693 209 2729 in
220 2693 284 2744 ipsius
294 2696 341 2747 loci,
359 2710 422 2751 quem
433 2696 455 2733 in
469 2696 544 2734 artium
552 2708 638 2734 numero
648 2700 719 2733 tenere
733 2694 852 2734 consuevis-

66 2759 104 2802 set,
120 2749 231 2803 discrimen
241 2750 349 2792 adductam
359 2768 410 2795 esse.
438 2756 498 2805 Nam,
510 2754 585 2806 inquit,
599 2752 666 2791 ethice
676 2752 760 2791 damnat
771 2758 852 2791 contro-

67 2811 168 2859 versiam,
182 2807 324 2859 metaphysice
339 2811 428 2850 fecunde
443 2819 475 2851 est
490 2810 548 2865 copia
560 2812 750 2850 controversiarum.
778 2810 852 2848 Nescio

68 2880 106 2918 ego
116 2866 218 2922 equidem,
235 2864 350 2905 ethicamne
360 2882 406 2907 eam
416 2883 443 2907 arr
451 2869 616 2923 metaphysicarn
625 2882 672 2907 eam
680 2868 747 2919 magis
755 2865 851 2917 admirer,

67 2924 90 2960 iu
102 2928 176 2976 quibus
188 2927 215 2965 sit
226 2925 269 2963 eius
282 2927 435 2973 controversiae,
447 2926 762 2980 quaeintermetaphysieosest,
773 2927 852 2977 eteius,

70 2978 145 3034 deque
156 2983 227 3023 ethicis
238 2996 265 3023 ex
275 2983 341 3022 causis
350 2982 483 3023 iudicandum
494 2991 531 3036 est,
546 2983 619 3023 eadem
628 2990 708 3023 nature.
