1732 3169
249 178 283 219 De
302 177 422 219 theoreticis
440 179 462 217 ct
478 175 585 232 practicis.
782 162 816 210 15

23 317 91 364 quarn
108 299 147 344 illa
163 297 185 344 in
196 298 344 360 physicorum
354 299 529 360 ethicorumque
538 295 699 346 coniunctione
710 293 816 342 colloca-

24 382 47 419 ta
64 375 159 417 naturae
185 370 310 431 indagatio.
345 371 423 432 Magis
446 371 514 416 etiam
535 370 594 416 illud
615 368 727 429 impedit,
750 365 816 426 quod

25 457 101 490 secum
126 438 176 499 ipsi
201 455 283 500 parum
306 443 406 487 consistit
428 442 532 486 universa
554 456 593 498 ea,
613 439 722 485 adversus
743 452 815 497 quam

25 513 85 569 dixi,
107 510 165 556 ratio
189 510 219 554 de
236 517 286 555 toto
303 510 352 557 hoc
371 513 425 557 loco
443 510 634 571 philosophandi,
669 508 814 569 Praecipitat

25 583 92 640 enim,
111 586 136 628 nt
154 580 261 626 continuo
279 596 446 641 prosequamur
463 582 558 643 vestigia
576 581 622 626 eius
639 595 716 627 rerum
733 579 815 625 homi-

24 668 124 713 numque
141 658 248 712 naturae‚
269 667 338 711 quam
358 658 409 697 ante
424 651 497 712 pedes
512 652 610 713 positam
629 652 813 699 circumiectam-

25 741 71 784 que
85 738 210 770 cernamus.
246 722 389 784 Praecipitat
406 737 462 768 vero
479 722 558 782 etiam,
576 729 601 767 ut
613 722 636 767 in
652 720 813 784 investigando

24 798 65 840 ista
78 794 174 855 vestigia
192 809 323 854 separemus
341 809 384 854 per
398 793 511 853 practices
523 794 586 839 ideas
599 793 750 855 significatam
764 792 813 837 ho-

24 866 111 911 minum
120 871 224 909 naturam
240 865 270 909 ab
284 864 373 923 reliquii
389 864 427 909 vel
443 863 563 910 hominum
578 864 615 909 vel
632 879 709 909 rerum
725 862 813 909 naturd.

24 939 56 982 At
75 940 126 980 ante
143 935 310 995 plerorumque
327 934 448 980 hominum
465 935 538 996 pedes
553 935 584 979 ita
593 935 668 995 posita
683 940 717 979 est
728 934 813 979 utrius-

24 1021 69 1064 que
83 1012 189 1062 naturae,
209 1012 231 1050 et
252 1021 329 1066 rerum
354 1012 376 1052 ct
394 1005 525 1064 hominum,
541 1006 665 1061 connexio,
683 1005 748 1050 utin
765 1004 813 1049 hac

24 1075 72 1136 ipsi
96 1077 158 1122 cerni
182 1083 293 1137 appareat
310 1082 415 1122 naturam
441 1076 510 1123 huius
527 1078 644 1136 utriusque
661 1082 763 1121 naturae,
777 1101 813 1108 —-

23 1146 129 1205 Denique
148 1153 195 1191 esto
213 1148 304 1193 staticus
321 1147 514 1206 mechanicusque
532 1147 614 1192 modus
628 1147 658 1204 io,
675 1161 722 1205 quo
737 1145 814 1190 anima

23 1215 125 1260 humana
141 1218 165 1261 in
179 1218 284 1263 omnibus
302 1217 346 1262 suis
363 1218 433 1264 rebus
449 1218 573 1264 tractandis
590 1222 705 1271 versetur3
723 1221 747 1261 et
763 1221 814 1260 ato-

23 1286 122 1333 misticus
137 1287 162 1343 is,
182 1303 228 1347 quo
246 1304 323 1334 rerum
337 1303 464 1350 compages
478 1289 529 1349 ipsa
544 1304 568 1333 se
582 1288 663 1349 fingat.
697 1288 744 1332 Par
758 1300 814 1332 uero

24 1361 63 1414 est,
82 1358 262 1418 cosmologicam
279 1360 341 1405 hanc
356 1366 379 1405 et
396 1359 590 1421 psychologicam
605 1359 670 1403 illam
688 1356 814 1418 metaphy-

24 1425 84 1469 sicen
105 1443 119 1470 a
142 1427 245 1487 practici
269 1428 421 1490 philosophiis
445 1431 518 1476 arceri
540 1430 619 1490 potius
642 1443 724 1487 quam,
749 1426 813 1486 quod

23 1495 150 1541 Herbartus
167 1498 266 1554 instituit,
286 1499 315 1543 ad
332 1516 383 1544 eam
401 1501 520 1560 applicari.
555 1499 621 1544 Prius
637 1499 704 1555 enim,
720 1512 813 1544 necesse

24 1571 67 1621 est,
90 1567 248 1627 metaphysica
269 1569 311 1613 ista
335 1570 359 1613 in
381 1575 480 1629 utroque
491 1584 577 1631 genere
600 1569 630 1613 ad
652 1570 738 1613 exitum
755 1582 812 1627 per-

24 1633 93 1680 ducta
111 1635 228 1692 docuerit,
247 1643 285 1681 aut
301 1645 428 1698 posse-aut
442 1654 489 1684 non
506 1654 574 1699 posse
594 1639 663 1684 etiam
684 1638 812 1685 humanam

23 1704 122 1749 animam
139 1701 252 1768 πράσσειν
269 1724 299 1765 τι,
319 1707 424 1754 docuerit
441 1709 511 1770 igitur
529 1714 569 1753 aut
585 1723 652 1754 usum
670 1715 693 1755 et
711 1709 811 1756 auctori·
861 1697 862 1700 Ἰ

23 1779 92 1819 tatem
113 1781 152 1821 aut
169 1777 290 1822 vanitatem
307 1779 424 1838 practicae
440 1778 616 1841 philosophiae.

378 1901 403 1968 ᾗ,
427 1906 450 1953 3.

58 1990 101 2035 De
118 1994 248 2053 ratione,
272 2011 328 2055 qua
347 2014 408 2044 cum
428 1999 542 2045 Christi
560 2004 589 2045 et
607 1997 776 2046 catholicae

61 2063 214 2110 ecclesiae
229 2066 314 2111 rebus
332 2069 379 2113 uel
396 2068 558 2132 theologia
572 2071 620 2117 uel
639 2068 775 2131 philoso-

271 2135 345 2197 phia
366 2141 562 2190 contineatur.

405 2256 424 2301 l.

58 2335 236 2412 'Hortensium
261 2343 417 2406 quodcunque
441 2349 576 2409 complexus
598 2351 646 2393 erat
663 2345 687 2391 in
701 2346 811 2408 philoso-

22 2401 92 2481 phici
107 2405 152 2451 hac
173 2410 355 2471 introductione,
377 2417 440 2462 idem
463 2419 549 2464 censuit
566 2417 702 2463 christianae
725 2417 811 2464 catho-

23 2473 127 2531 licaeque
144 2475 279 2539 theologiae
297 2499 370 2542 aeque
388 2494 563 2534 consentaneum
581 2503 609 2534 ac
632 2491 677 2549 per
698 2489 811 2537 sinceram

21 2540 195 2603 philosophiam
213 2552 371 2601 necessarium.

74 2611 169 2689 ΙΡοηῐθε,
192 2616 275 2675 inquit,
300 2635 329 2664 ex
349 2624 443 2682 quibus,
466 2640 525 2684 quae
542 2628 688 2690 praeceperit
707 2635 730 2675 et
746 2629 809 2674 insti-

22 2685 90 2757 tuent
104 2681 219 2740 Christus,
239 2691 396 2750 cognoscitur,
419 2700 464 2739 tres
482 2701 545 2741 sunt:
567 2696 620 2743 libri
637 2700 665 2747 N.
683 2701 725 2755 Τ.,
747 2699 808 2743 Tl'ss·

23 2748 88 2807 ditio,
99 2750 259 2813 Magisterium
277 2759 393 2807 ecclesiae.
428 2764 455 2808 In
465 2762 574 2813 historici
582 2767 667 2816 horum
676 2769 724 2814 fide
741 2781 807 2811 com-

23 2820 142 2877 probandi
159 2830 260 2883 uersatur
276 2830 410 2888 positiva
427 2834 626 2889 introductio.

35 2954 42 2964 ·
75 2890 141 2936 Prius
158 2900 234 2940 autem
251 2896 475 2961 philosophica
492 2907 682 2955 introductio
699 2904 808 2951 osteude-

23 2960 53 2999 nt
74 2974 165 3008 necesse
188 2970 232 3025 est,
263 2968 305 3013 ista
329 2968 465 3036 theologica
486 2979 599 3039 principia
627 2976 669 3023 tria
696 2976 809 3023 contineri
