1732 3169
66 194 99 253 tl
169 208 312 263 Philosophiae
326 205 434 247 Hermesii
448 204 500 244 Pars
513 204 532 244 1.
546 203 645 255 diremtio
655 203 673 243 I.
686 200 732 257 §.a

66 346 141 378 rerum
158 314 257 374 sensibus
274 325 415 388 patentium,
443 339 513 383 quam
531 324 618 371 hahent
634 326 778 386 propositam
796 323 847 382 sibi,

65 402 161 448 cernitur
178 399 201 442 in
218 397 268 442 solat
289 396 414 442 earundem
428 395 586 456 magnitudine
605 400 628 441 et
643 394 800 450 multitudine,
824 393 848 437 in

64 473 108 516 unat
124 469 194 528 igitur
212 480 240 511 ex
258 467 380 528 categoriis
396 481 481 522 rerum,
499 472 523 511 et
539 466 562 511 in
581 468 616 524 ea,
634 481 694 525 quae
711 482 724 510 a
742 478 849 511 sensuum

64 554 105 584 usu
123 544 145 582 et
162 537 291 582 testimonio
309 537 414 598 proxime
437 536 539 581 omnium
562 536 632 584 abest,
667 534 737 580 Modi
758 548 849 595 propo-

67 609 121 654 sitae
138 608 184 666 rei,
202 608 241 667 qui
258 608 355 653 existunt
372 608 395 652 in
412 606 480 652 huius
499 601 622 664 trottae,
649 620 745 651 numero
764 610 789 650 ut
806 604 849 649 sint

65 679 164 736 infinito,
181 678 214 722 ita
231 684 309 723 tamen
327 679 370 723 suis
388 679 484 738 quisque
498 678 581 723 finibus
599 672 712 721 distributi
730 675 849 735 descripti-

65 764 110 808 que
128 754 185 806 sunt,
203 753 229 793 ut
244 749 421 795 contradictoria
437 749 526 794 ratione
544 765 557 793 a
574 748 708 793 seinvicem
727 746 850 791 distinean-

66 827 102 864 tur
123 825 146 864 et
163 819 229 878 quasi
252 819 409 866 excludantur.
443 818 603 880 Discrepantia
624 817 773 879 physicorum
797 832 851 864 eor-

66 905 148 951 porum
167 889 268 934 omnium
283 896 306 934 et
322 888 517 951 geometricorum
528 896 577 935 tam
595 890 679 950 exigua
693 894 733 947 est,
750 893 851 935 ntusum

67 961 148 1008 nullius
167 960 228 1023 legis
251 960 370 1023 impediat.
416 959 467 1006 Usu
489 967 537 1006 tam
560 959 667 1022 expedito
689 974 736 1005 non
753 959 851 1005 eflicitur

66 1032 172 1092 quidem,
195 1040 292 1092 augetur
314 1047 369 1078 vero
387 1032 509 1077 auctoritas
527 1031 682 1093 geometricae
699 1030 850 1092 legumlatio-

66 1103 106 1148 nis.
140 1102 201 1147 Nam
215 1103 308 1148 accessit
325 1101 486 1163 comprobatio
505 1103 572 1147 etiam
591 1117 625 1159 ea,
643 1115 702 1161 quae
720 1101 738 1146 si
756 1102 851 1158 abesset,

69 1189 116 1219 non
131 1172 225 1218 deesset.
239 1198 275 1208 -
298 1173 382 1235 Longe
399 1173 473 1235 magis
487 1172 597 1234 impedita
616 1179 648 1217 est
666 1171 767 1230 quaestio
783 1172 813 1218 de
825 1172 851 1217 iis

70 1245 146 1300 rebus,
172 1244 202 1298 ad
227 1259 282 1303 quas
304 1243 454 1304 philosophia
481 1258 528 1288 non
554 1248 631 1305 potest
656 1258 702 1287 non
729 1244 851 1303 pertinere.

70 1315 123 1359 Hae
141 1314 323 1374 complectuntur
337 1320 385 1359 tum
399 1329 471 1375 genus
486 1313 545 1359 illud
563 1329 639 1359 rerum
648 1319 777 1373 utrumque,
788 1313 852 1373 quod

70 1383 108 1429 vel
120 1385 220 1429 sensibus
230 1384 267 1429 uel
285 1384 354 1430 menti
367 1392 448 1446 patere
466 1383 555 1441 dicitur,
573 1390 622 1428 tum
637 1385 764 1444 categorias
776 1399 853 1429 rerum

71 1460 175 1512 cunctas,
200 1469 257 1513 quas
280 1454 404 1517 cogitando
427 1454 515 1513 assequi
534 1453 614 1515 possis.
650 1452 746 1511 Modus,
763 1455 852 1514 quibus,

68 1524 115 1569 eive
132 1540 176 1585 per
193 1529 296 1570 naturam
311 1525 357 1571 sive
374 1539 417 1585 per
435 1524 534 1583 cultum,
561 1525 608 1570 sive
629 1538 673 1584 per
695 1526 852 1571 necessitatem

69 1594 115 1640 sire
132 1609 176 1655 per
192 1595 334 1651 libertatem,
355 1595 393 1640 vel
411 1594 515 1656 singulae
532 1600 583 1639 sunt
599 1594 637 1639 vel
654 1609 725 1640 unum
744 1595 852 1651 efficiunt,

70 1664 165 1710 eaedem
182 1664 238 1710 istae
258 1680 294 1710 res
316 1665 390 1726 magis
408 1664 538 1725 significant
560 1679 629 1725 quam
649 1664 757 1724 produnt.
793 1667 853 1712 Nam

70 1749 234 1795 saepenumero
257 1750 285 1781 ac
308 1735 445 1797 plerumque
468 1735 565 1782 invicem
587 1734 723 1781 distinentur
741 1736 852 1783 contraria

70 1805 147 1864 potius
161 1820 230 1864 quarn
244 1805 422 1853 contradictoris
437 1805 535 1859 ratione;
552 1805 694 1861 eontinentur
712 1811 788 1852 autem
803 1807 852 1852 fini-

70 1875 114 1919 bus
131 1874 245 1935 ambiguis
268 1891 295 1921 ac
315 1876 383 1921 variis
406 1875 482 1937 potius
502 1891 571 1936 quarn
591 1876 670 1938 positis
692 1876 715 1921 in
733 1878 852 1939 sempiter-

70 1960 132 1990 num.
167 1945 204 1990 Ex
221 1943 257 1989 his
274 1945 414 2007 intelligitur,
439 1946 605 2005 simplicitatem
624 1961 652 1992 ac
669 1948 801 1993 tenuitatem
818 1950 851 1994 rei

70 2032 84 2059 a
95 2013 260 2060 mathematicis
272 2022 397 2076 susceptae,
409 2016 582 2075 amplitudinem
592 2031 620 2063 ac
628 2017 809 2077 magnitudinem
818 2020 852 2064 rei

70 2084 219 2147 philosophis
236 2085 369 2146 propositae
385 2085 514 2146 principem
535 2087 614 2134 locum
637 2093 714 2134 tenere
735 2090 759 2134 iu
781 2089 852 2135 causis

69 2156 129 2201 illius
140 2155 355 2202 mathematicorum
367 2155 460 2202 virtutis.
836 2196 838 2199 .

118 2226 225 2272 Eandem
237 2225 343 2272 virtutem
361 2225 398 2270 ad
414 2223 632 2287 philosophica
649 2226 853 2274 transferendi

75 2295 133 2341 ratio
152 2295 240 2357 duplex
257 2295 307 2343 fuit.
344 2295 484 2354 Ubicunque
498 2301 547 2340 rata
564 2295 694 2342 habebatur
711 2300 801 2359 generis
816 2315 853 2344 re-

74 2381 124 2411 rum
143 2367 357 2413 mathematicarurn
373 2372 396 2411 et
410 2365 624 2430 philosophicarum
642 2367 769 2426 diversitas,
790 2369 853 2415 exilis

73 2435 115 2479 fuit
128 2437 199 2494 modi,
212 2452 258 2496 quo
271 2454 307 2484 res
322 2441 478 2493 tractarentur,
490 2437 617 2493 translati03
632 2454 660 2484 ea
670 2439 771 2498 quidem,
783 2455 853 2499 quam

73 2506 187 2551 sustineret
205 2507 292 2554 diversa
310 2513 390 2554 natura
407 2506 536 2567 quantitatis
551 2513 574 2553 et
588 2509 701 2568 qualitatis
716 2515 853 2556 ceterarum-

59 2590 121 2634 ¹que
139 2577 311 2637 categoriarum.
345 2578 383 2623 Ea
400 2583 490 2635 antem,
514 2593 574 2639 quae
591 2579 652 2636 sola,
672 2579 786 2641 integrum
803 2597 853 2625 ma-

72 2644 196 2690 thematice
212 2661 248 2691 res
267 2648 380 2696 tractandi
405 2647 502 2694 modurn
521 2650 653 2710 complexa,
680 2655 742 2695 recte
765 2650 855 2696 dicatur

73 2714 198 2770 translatio,
212 2715 257 2760 unat
273 2716 319 2763 hac
335 2719 424 2765 ratione
441 2719 491 2764 lieri
505 2726 598 2780 potest,
620 2724 646 2765 ut
669 2720 792 2777 censueris,
816 2721 854 2766 di-

74 2786 205 2832 versitatem
223 2788 348 2843 quantitatis
366 2794 389 2835 et
406 2789 520 2849 qualitatis
536 2789 560 2835 in
575 2788 627 2850 ipsit
643 2804 719 2835 rerum
736 2790 816 2836 naturai
831 2796 854 2837 et

75 2855 245 2903 constructione
263 2870 309 2900 non
330 2860 432 2919 reperiri.
466 2859 594 2905 Herbartus
615 2860 646 2905 sic
664 2860 757 2917 censuit,
775 2861 853 2908 dicens

75 2941 118 2981 res,
136 2942 196 2985 quae
211 2940 260 2971 esse
278 2924 393 2985 dicantur,
417 2930 544 2975 monadum
561 2929 758 2990 congredientium
777 2937 799 2976 et
817 2931 854 2975 di-

77 2994 229 3055 gredientium
238 2998 466 3058 coagmentationes,
480 3006 549 3059 atque
566 2999 728 3057 mutationem,
744 2991 795 3061 qua
804 3001 855 3046 fieri
