<?xml version="1.0" encoding="UTF-8"?>
<!DOCTYPE html PUBLIC "-//W3C//DTD XHTML 1.0 Transitional//EN"
    "http://www.w3.org/TR/xhtml1/DTD/xhtml1-transitional.dtd">
<html xmlns="http://www.w3.org/1999/xhtml" xml:lang="en" lang="en">
 <head>
  <title>
</title>
<meta http-equiv="Content-Type" content="text/html;charset=utf-8" />
  <meta name='ocr-system' content='tesseract 3.04.00' />
  <meta name='ocr-capabilities' content='ocr_page ocr_carea ocr_par ocr_line ocrx_word'/>
</head>
<body>
  <div class='ocr_page' id='page_1' title='image "MN5160ucmf_1_0029.png"; bbox 0 0 1732 3169; ppageno 0'>
   <div class='ocr_carea' id='block_1_1' title="bbox 258 206 819 277">
    <p class='ocr_par' dir='ltr' id='par_1_1' title="bbox 258 206 819 277">
     <span class='ocr_line' id='line_1_1' title="bbox 258 206 819 277; baseline -0.011 -15"><span class='ocrx_word' id='word_1_1' title='bbox 258 221 292 262; x_wconf 75' lang='grc'>111</span> <span class='ocrx_word' id='word_1_2' title='bbox 306 219 413 277; x_wconf 67' lang='lat' dir='ltr'><em>theologici</em></span> <span class='ocrx_word' id='word_1_3' title='bbox 424 224 446 262; x_wconf 85' lang='lat' dir='ltr'>et</span> <span class='ocrx_word' id='word_1_4' title='bbox 454 214 597 276; x_wconf 73' lang='lat' dir='ltr'>philosophici.</span> <span class='ocrx_word' id='word_1_5' title='bbox 798 206 819 252; x_wconf 68' lang='lat'>5</span> 
     </span>
    </p>
   </div>
   <div class='ocr_carea' id='block_1_2' title="bbox 35 338 822 3060">
    <p class='ocr_par' dir='ltr' id='par_1_2' title="bbox 35 338 822 2899">
     <span class='ocr_line' id='line_1_2' title="bbox 36 338 820 408; baseline -0.011 -17"><span class='ocrx_word' id='word_1_6' title='bbox 36 347 98 392; x_wconf 85' lang='lat' dir='ltr'>mine</span> <span class='ocrx_word' id='word_1_7' title='bbox 114 346 188 392; x_wconf 87' lang='lat' dir='ltr'>insunt</span> <span class='ocrx_word' id='word_1_8' title='bbox 203 345 331 408; x_wconf 76' lang='lat' dir='ltr'>explicatae</span> <span class='ocrx_word' id='word_1_9' title='bbox 355 353 377 391; x_wconf 85' lang='lat' dir='ltr'>et</span> <span class='ocrx_word' id='word_1_10' title='bbox 395 344 525 397; x_wconf 55' lang='lat' dir='ltr'>discinctae</span> <span class='ocrx_word' id='word_1_11' title='bbox 543 342 657 397; x_wconf 86' lang='lat' dir='ltr'>animum,</span> <span class='ocrx_word' id='word_1_12' title='bbox 679 338 720 385; x_wconf 83' lang='lat' dir='ltr'>ubi</span> <span class='ocrx_word' id='word_1_13' title='bbox 744 350 820 398; x_wconf 75' lang='lat' dir='ltr'>coag-</span> 
     </span>
     <span class='ocr_line' id='line_1_3' title="bbox 35 409 820 477; baseline -0.013 -15"><span class='ocrx_word' id='word_1_14' title='bbox 35 422 156 465; x_wconf 84' lang='lat' dir='ltr'>mentatae.</span> <span class='ocrx_word' id='word_1_15' title='bbox 191 417 236 462; x_wconf 87' lang='lat' dir='ltr'>Vis·</span> <span class='ocrx_word' id='word_1_16' title='bbox 248 434 282 474; x_wconf 86' lang='lat' dir='ltr'>ea,</span> <span class='ocrx_word' id='word_1_17' title='bbox 300 433 345 477; x_wconf 89' lang='lat' dir='ltr'>qua</span> <span class='ocrx_word' id='word_1_18' title='bbox 366 432 403 462; x_wconf 88' lang='lat' dir='ltr'>res</span> <span class='ocrx_word' id='word_1_19' title='bbox 425 417 449 460; x_wconf 91' lang='lat' dir='ltr'>in</span> <span class='ocrx_word' id='word_1_20' title='bbox 466 414 561 460; x_wconf 89' lang='lat' dir='ltr'>homine</span> <span class='ocrx_word' id='word_1_21' title='bbox 578 415 668 468; x_wconf 83' lang='lat' dir='ltr'>valent,</span> <span class='ocrx_word' id='word_1_22' title='bbox 697 409 773 471; x_wconf 87' lang='lat' dir='ltr'>qualis</span> <span class='ocrx_word' id='word_1_23' title='bbox 797 413 820 452; x_wconf 90' lang='lat' dir='ltr'>et</span> 
     </span>
     <span class='ocr_line' id='line_1_4' title="bbox 35 478 819 546; baseline -0.01 -14"><span class='ocrx_word' id='word_1_24' title='bbox 35 494 120 546; x_wconf 84' lang='lat' dir='ltr'>quanta</span> <span class='ocrx_word' id='word_1_25' title='bbox 134 488 167 541; x_wconf 81' lang='lat' dir='ltr'>sit,</span> <span class='ocrx_word' id='word_1_26' title='bbox 184 487 232 534; x_wconf 90' lang='lat' dir='ltr'>hoc</span> <span class='ocrx_word' id='word_1_27' title='bbox 249 489 316 533; x_wconf 86' lang='lat' dir='ltr'>situm</span> <span class='ocrx_word' id='word_1_28' title='bbox 331 492 371 542; x_wconf 83' lang='lat' dir='ltr'>est,</span> <span class='ocrx_word' id='word_1_29' title='bbox 389 486 431 531; x_wconf 90' lang='lat' dir='ltr'>ubi</span> <span class='ocrx_word' id='word_1_30' title='bbox 446 490 547 529; x_wconf 85' lang='lat' dir='ltr'>mentem</span> <span class='ocrx_word' id='word_1_31' title='bbox 560 483 713 544; x_wconf 77' lang='lat' dir='ltr'>appellamus,</span> <span class='ocrx_word' id='word_1_32' title='bbox 731 481 755 525; x_wconf 91' lang='lat' dir='ltr'>in</span> <span class='ocrx_word' id='word_1_33' title='bbox 770 478 819 524; x_wconf 90' lang='lat' dir='ltr'>ho-</span> 
     </span>
     <span class='ocr_line' id='line_1_5' title="bbox 35 552 818 618; baseline -0.013 -15"><span class='ocrx_word' id='word_1_34' title='bbox 35 559 99 603; x_wconf 86' lang='lat' dir='ltr'>minis</span> <span class='ocrx_word' id='word_1_35' title='bbox 114 558 274 618; x_wconf 72' lang='lat' dir='ltr'>perspiciendi</span> <span class='ocrx_word' id='word_1_36' title='bbox 291 564 314 602; x_wconf 91' lang='lat' dir='ltr'>et</span> <span class='ocrx_word' id='word_1_37' title='bbox 328 558 351 600; x_wconf 91' lang='grc'>111</span> <span class='ocrx_word' id='word_1_38' title='bbox 366 571 442 600; x_wconf 89' lang='lat' dir='ltr'>rerum</span> <span class='ocrx_word' id='word_1_39' title='bbox 455 554 625 614; x_wconf 82' lang='lat' dir='ltr'>perspicuitate.</span> <span class='ocrx_word' id='word_1_40' title='bbox 652 552 701 598; x_wconf 85' lang='lat' dir='ltr'>Ubi</span> <span class='ocrx_word' id='word_1_41' title='bbox 716 553 818 596; x_wconf 91' lang='lat' dir='ltr'>animum</span> 
     </span>
     <span class='ocr_line' id='line_1_6' title="bbox 36 623 819 689; baseline -0.01 -16"><span class='ocrx_word' id='word_1_42' title='bbox 36 629 190 689; x_wconf 80' lang='lat' dir='ltr'>appellamus,</span> <span class='ocrx_word' id='word_1_43' title='bbox 213 628 280 672; x_wconf 90' lang='lat' dir='ltr'>situm</span> <span class='ocrx_word' id='word_1_44' title='bbox 298 626 357 670; x_wconf 91' lang='lat' dir='ltr'>illud</span> <span class='ocrx_word' id='word_1_45' title='bbox 375 624 449 669; x_wconf 88' lang='lat' dir='ltr'>estin</span> <span class='ocrx_word' id='word_1_46' title='bbox 467 639 543 669; x_wconf 87' lang='lat' dir='ltr'>rerum</span> <span class='ocrx_word' id='word_1_47' title='bbox 563 623 703 688; x_wconf 79' lang='lat' dir='ltr'>obiectorum</span> <span class='ocrx_word' id='word_1_48' title='bbox 719 623 757 668; x_wconf 87' lang='lat' dir='ltr'>vel</span> <span class='ocrx_word' id='word_1_49' title='bbox 775 637 819 665; x_wconf 85' lang='lat' dir='ltr'>na-</span> 
     </span>
     <span class='ocr_line' id='line_1_7' title="bbox 35 694 819 757; baseline -0.008 -15"><span class='ocrx_word' id='word_1_50' title='bbox 35 699 136 744; x_wconf 76' lang='grc'>11111111</span> <span class='ocrx_word' id='word_1_51' title='bbox 153 697 235 757; x_wconf 69' lang='lat' dir='ltr'>copia,</span> <span class='ocrx_word' id='word_1_52' title='bbox 263 695 336 754; x_wconf 72' lang='lat' dir='ltr'>eique</span> <span class='ocrx_word' id='word_1_53' title='bbox 358 695 476 738; x_wconf 85' lang='lat' dir='ltr'>universae</span> <span class='ocrx_word' id='word_1_54' title='bbox 492 694 590 738; x_wconf 88' lang='lat' dir='ltr'>hominis</span> <span class='ocrx_word' id='word_1_55' title='bbox 607 699 701 737; x_wconf 87' lang='lat' dir='ltr'>naturae</span> <span class='ocrx_word' id='word_1_56' title='bbox 719 699 819 747; x_wconf 88' lang='lat' dir='ltr'>etcon-</span> 
     </span>
     <span class='ocr_line' id='line_1_8' title="bbox 37 762 818 825; baseline -0.008 -13"><span class='ocrx_word' id='word_1_57' title='bbox 37 769 116 813; x_wconf 89' lang='lat' dir='ltr'>ditioni</span> <span class='ocrx_word' id='word_1_58' title='bbox 134 773 172 812; x_wconf 89' lang='lat' dir='ltr'>aut</span> <span class='ocrx_word' id='word_1_59' title='bbox 190 763 342 812; x_wconf 69' lang='lat' dir='ltr'>consentanei</span> <span class='ocrx_word' id='word_1_60' title='bbox 360 770 398 808; x_wconf 87' lang='lat' dir='ltr'>aut</span> <span class='ocrx_word' id='word_1_61' title='bbox 416 764 489 809; x_wconf 83' lang='lat' dir='ltr'>minus</span> <span class='ocrx_word' id='word_1_62' title='bbox 501 764 604 825; x_wconf 74' lang='lat' dir='ltr'>congrui</span> <span class='ocrx_word' id='word_1_63' title='bbox 619 769 658 807; x_wconf 89' lang='lat' dir='ltr'>aut</span> <span class='ocrx_word' id='word_1_64' title='bbox 675 762 818 809; x_wconf 82' lang='lat' dir='ltr'>adversante.</span> 
     </span>
     <span class='ocr_line' id='line_1_9' title="bbox 36 834 819 888; baseline -0.009 -4"><span class='ocrx_word' id='word_1_65' title='bbox 36 839 82 885; x_wconf 90' lang='lat' dir='ltr'>Hic</span> <span class='ocrx_word' id='word_1_66' title='bbox 100 839 132 881; x_wconf 83' lang='lat' dir='ltr'>vis</span> <span class='ocrx_word' id='word_1_67' title='bbox 150 842 174 882; x_wconf 89' lang='lat' dir='ltr'>et</span> <span class='ocrx_word' id='word_1_68' title='bbox 192 835 314 881; x_wconf 84' lang='lat' dir='ltr'>efficacitas</span> <span class='ocrx_word' id='word_1_69' title='bbox 328 850 405 879; x_wconf 88' lang='lat' dir='ltr'>rerum</span> <span class='ocrx_word' id='word_1_70' title='bbox 423 834 525 888; x_wconf 79' lang='lat' dir='ltr'>sentitur3</span> <span class='ocrx_word' id='word_1_71' title='bbox 540 835 589 880; x_wconf 88' lang='lat' dir='ltr'>illic</span> <span class='ocrx_word' id='word_1_72' title='bbox 607 835 674 878; x_wconf 88' lang='lat' dir='ltr'>etiam</span> <span class='ocrx_word' id='word_1_73' title='bbox 687 838 768 878; x_wconf 88' lang='lat' dir='ltr'>natura</span> <span class='ocrx_word' id='word_1_74' title='bbox 780 847 819 876; x_wconf 83' lang='lat' dir='ltr'>re-</span> 
     </span>
     <span class='ocr_line' id='line_1_10' title="bbox 36 903 819 968; baseline -0.008 -16"><span class='ocrx_word' id='word_1_75' title='bbox 36 924 85 952; x_wconf 85' lang='lat' dir='ltr'>rum</span> <span class='ocrx_word' id='word_1_76' title='bbox 105 921 132 951; x_wconf 91' lang='lat' dir='ltr'>ac</span> <span class='ocrx_word' id='word_1_77' title='bbox 149 907 208 951; x_wconf 85' lang='lat' dir='ltr'>ratio</span> <span class='ocrx_word' id='word_1_78' title='bbox 227 912 250 951; x_wconf 90' lang='lat' dir='ltr'>et</span> <span class='ocrx_word' id='word_1_79' title='bbox 267 921 335 950; x_wconf 85' lang='lat' dir='ltr'>causa</span> <span class='ocrx_word' id='word_1_80' title='bbox 353 904 493 950; x_wconf 84' lang='lat' dir='ltr'>efficacitatis</span> <span class='ocrx_word' id='word_1_81' title='bbox 512 905 665 968; x_wconf 79' lang='lat' dir='ltr'>cognoscitur.</span> <span class='ocrx_word' id='word_1_82' title='bbox 693 904 754 959; x_wconf 79' lang='lat' dir='ltr'>Utro</span> <span class='ocrx_word' id='word_1_83' title='bbox 771 903 819 948; x_wconf 83' lang='lat' dir='ltr'>ho·</span> 
     </span>
     <span class='ocr_line' id='line_1_11' title="bbox 35 974 820 1036; baseline -0.006 -15"><span class='ocrx_word' id='word_1_84' title='bbox 35 992 85 1022; x_wconf 86' lang='grc'>111111</span> <span class='ocrx_word' id='word_1_85' title='bbox 103 976 226 1021; x_wconf 86' lang='lat' dir='ltr'>modorum</span> <span class='ocrx_word' id='word_1_86' title='bbox 243 975 318 1036; x_wconf 80' lang='lat' dir='ltr'>magis</span> <span class='ocrx_word' id='word_1_87' title='bbox 337 975 374 1020; x_wconf 83' lang='lat' dir='ltr'>rel</span> <span class='ocrx_word' id='word_1_88' title='bbox 397 975 539 1020; x_wconf 89' lang='lat' dir='ltr'>contineatur</span> <span class='ocrx_word' id='word_1_89' title='bbox 561 975 658 1034; x_wconf 89' lang='lat' dir='ltr'>quisque</span> <span class='ocrx_word' id='word_1_90' title='bbox 677 975 715 1019; x_wconf 83' lang='lat' dir='ltr'>vel</span> <span class='ocrx_word' id='word_1_91' title='bbox 734 974 820 1018; x_wconf 84' lang='lat' dir='ltr'>debeat</span> 
     </span>
     <span class='ocr_line' id='line_1_12' title="bbox 36 1043 820 1102; baseline -0.009 -10"><span class='ocrx_word' id='word_1_92' title='bbox 36 1046 146 1092; x_wconf 88' lang='lat' dir='ltr'>contineri</span> <span class='ocrx_word' id='word_1_93' title='bbox 161 1061 214 1091; x_wconf 91' lang='lat' dir='ltr'>cum</span> <span class='ocrx_word' id='word_1_94' title='bbox 231 1046 306 1102; x_wconf 91' lang='lat' dir='ltr'>rebus,</span> <span class='ocrx_word' id='word_1_95' title='bbox 324 1044 413 1090; x_wconf 89' lang='lat' dir='ltr'>hocin</span> <span class='ocrx_word' id='word_1_96' title='bbox 432 1044 560 1091; x_wconf 84' lang='lat' dir='ltr'>diversitate</span> <span class='ocrx_word' id='word_1_97' title='bbox 577 1050 673 1090; x_wconf 86' lang='lat' dir='ltr'>naturae</span> <span class='ocrx_word' id='word_1_98' title='bbox 695 1051 718 1090; x_wconf 86' lang='grc'>11</span> <span class='ocrx_word' id='word_1_99' title='bbox 736 1043 820 1090; x_wconf 87' lang='lat' dir='ltr'>condi-</span> 
     </span>
     <span class='ocr_line' id='line_1_13' title="bbox 35 1113 820 1174; baseline -0.005 -14"><span class='ocrx_word' id='word_1_100' title='bbox 35 1116 101 1161; x_wconf 88' lang='lat' dir='ltr'>tionis</span> <span class='ocrx_word' id='word_1_101' title='bbox 123 1116 160 1161; x_wconf 91' lang='lat' dir='ltr'>vel</span> <span class='ocrx_word' id='word_1_102' title='bbox 183 1116 303 1161; x_wconf 84' lang='lat' dir='ltr'>hominurn</span> <span class='ocrx_word' id='word_1_103' title='bbox 327 1115 366 1159; x_wconf 87' lang='lat' dir='ltr'>vel</span> <span class='ocrx_word' id='word_1_104' title='bbox 387 1130 465 1160; x_wconf 85' lang='lat' dir='ltr'>rerum</span> <span class='ocrx_word' id='word_1_105' title='bbox 486 1116 554 1160; x_wconf 87' lang='lat' dir='ltr'>situm</span> <span class='ocrx_word' id='word_1_106' title='bbox 577 1120 619 1160; x_wconf 84' lang='lat' dir='ltr'>est.</span> <span class='ocrx_word' id='word_1_107' title='bbox 659 1113 721 1159; x_wconf 88' lang='lat' dir='ltr'>Utro</span> <span class='ocrx_word' id='word_1_108' title='bbox 742 1114 820 1174; x_wconf 90' lang='lat' dir='ltr'>potius</span> 
     </span>
     <span class='ocr_line' id='line_1_14' title="bbox 36 1183 820 1232; baseline -0.008 0"><span class='ocrx_word' id='word_1_109' title='bbox 36 1186 108 1232; x_wconf 88' lang='lat' dir='ltr'>modo</span> <span class='ocrx_word' id='word_1_110' title='bbox 130 1185 169 1231; x_wconf 85' lang='lat' dir='ltr'>vel</span> <span class='ocrx_word' id='word_1_111' title='bbox 190 1201 227 1231; x_wconf 89' lang='lat' dir='ltr'>res</span> <span class='ocrx_word' id='word_1_112' title='bbox 250 1184 368 1230; x_wconf 90' lang='lat' dir='ltr'>homiuem</span> <span class='ocrx_word' id='word_1_113' title='bbox 390 1185 473 1230; x_wconf 87' lang='lat' dir='ltr'>feriant</span> <span class='ocrx_word' id='word_1_114' title='bbox 494 1185 532 1230; x_wconf 89' lang='lat' dir='ltr'>vel</span> <span class='ocrx_word' id='word_1_115' title='bbox 554 1183 594 1230; x_wconf 88' lang='lat' dir='ltr'>hic</span> <span class='ocrx_word' id='word_1_116' title='bbox 618 1184 704 1228; x_wconf 86' lang='lat' dir='ltr'>debeat</span> <span class='ocrx_word' id='word_1_117' title='bbox 728 1183 820 1229; x_wconf 86' lang='lat' dir='ltr'>abillis</span> 
     </span>
     <span class='ocr_line' id='line_1_15' title="bbox 36 1253 821 1316; baseline -0.005 -16"><span class='ocrx_word' id='word_1_118' title='bbox 36 1256 106 1308; x_wconf 78' lang='lat' dir='ltr'>feriri,</span> <span class='ocrx_word' id='word_1_119' title='bbox 129 1256 160 1301; x_wconf 88' lang='lat' dir='ltr'>de</span> <span class='ocrx_word' id='word_1_120' title='bbox 185 1254 232 1301; x_wconf 91' lang='lat' dir='ltr'>hoc</span> <span class='ocrx_word' id='word_1_121' title='bbox 253 1255 382 1316; x_wconf 75' lang='lat' dir='ltr'>generatim</span> <span class='ocrx_word' id='word_1_122' title='bbox 407 1254 529 1299; x_wconf 84' lang='lat' dir='ltr'>existimari</span> <span class='ocrx_word' id='word_1_123' title='bbox 551 1270 598 1299; x_wconf 91' lang='lat' dir='ltr'>non</span> <span class='ocrx_word' id='word_1_124' title='bbox 618 1259 703 1314; x_wconf 86' lang='lat' dir='ltr'>potest.</span> <span class='ocrx_word' id='word_1_125' title='bbox 737 1254 776 1297; x_wconf 88' lang='lat' dir='ltr'>Ab</span> <span class='ocrx_word' id='word_1_126' title='bbox 793 1253 821 1296; x_wconf 74' lang='lat' dir='ltr'>eia</span> 
     </span>
     <span class='ocr_line' id='line_1_16' title="bbox 37 1322 822 1386; baseline -0.005 -17"><span class='ocrx_word' id='word_1_127' title='bbox 37 1325 143 1384; x_wconf 86' lang='lat' dir='ltr'>quidem,</span> <span class='ocrx_word' id='word_1_128' title='bbox 166 1340 236 1383; x_wconf 88' lang='lat' dir='ltr'>quam</span> <span class='ocrx_word' id='word_1_129' title='bbox 259 1340 288 1370; x_wconf 84' lang='lat' dir='ltr'>ex</span> <span class='ocrx_word' id='word_1_130' title='bbox 311 1323 358 1370; x_wconf 74' lang='lat' dir='ltr'>vica</span> <span class='ocrx_word' id='word_1_131' title='bbox 381 1323 484 1369; x_wconf 67' lang='lat' dir='ltr'>humanat</span> <span class='ocrx_word' id='word_1_132' title='bbox 502 1324 661 1386; x_wconf 85' lang='lat' dir='ltr'>cognovimus,</span> <span class='ocrx_word' id='word_1_133' title='bbox 679 1322 822 1368; x_wconf 70' lang='grc'>1111111111-</span> 
     </span>
     <span class='ocr_line' id='line_1_17' title="bbox 36 1392 821 1455; baseline -0.006 -15"><span class='ocrx_word' id='word_1_134' title='bbox 36 1394 104 1441; x_wconf 70' lang='lat' dir='ltr'>mani</span> <span class='ocrx_word' id='word_1_135' title='bbox 121 1394 220 1440; x_wconf 90' lang='lat' dir='ltr'>alienum</span> <span class='ocrx_word' id='word_1_136' title='bbox 238 1400 278 1450; x_wconf 90' lang='lat' dir='ltr'>est,</span> <span class='ocrx_word' id='word_1_137' title='bbox 296 1409 389 1455; x_wconf 88' lang='lat' dir='ltr'>prorsus</span> <span class='ocrx_word' id='word_1_138' title='bbox 406 1395 556 1440; x_wconf 85' lang='lat' dir='ltr'>necessariam</span> <span class='ocrx_word' id='word_1_139' title='bbox 573 1394 619 1440; x_wconf 90' lang='lat' dir='ltr'>dici</span> <span class='ocrx_word' id='word_1_140' title='bbox 636 1392 821 1454; x_wconf 78' lang='lat' dir='ltr'>perspicientiam</span> 
     </span>
     <span class='ocr_line' id='line_1_18' title="bbox 37 1462 820 1525; baseline -0.006 -14"><span class='ocrx_word' id='word_1_141' title='bbox 37 1465 117 1511; x_wconf 87' lang='lat' dir='ltr'>mentis</span> <span class='ocrx_word' id='word_1_142' title='bbox 140 1464 170 1510; x_wconf 88' lang='lat' dir='ltr'>ad</span> <span class='ocrx_word' id='word_1_143' title='bbox 192 1465 240 1511; x_wconf 82' lang='lat' dir='ltr'>veri</span> <span class='ocrx_word' id='word_1_144' title='bbox 258 1480 286 1511; x_wconf 92' lang='lat' dir='ltr'>ac</span> <span class='ocrx_word' id='word_1_145' title='bbox 304 1465 361 1509; x_wconf 84' lang='lat' dir='ltr'>fidei</span> <span class='ocrx_word' id='word_1_146' title='bbox 377 1470 568 1525; x_wconf 82' lang='lat' dir='ltr'>potestatem-</span> <span class='ocrx_word' id='word_1_147' title='bbox 582 1465 636 1510; x_wconf 90' lang='lat' dir='ltr'>Non</span> <span class='ocrx_word' id='word_1_148' title='bbox 653 1465 729 1524; x_wconf 82' lang='lat' dir='ltr'>magis</span> <span class='ocrx_word' id='word_1_149' title='bbox 746 1462 820 1507; x_wconf 88' lang='lat' dir='ltr'>altero</span> 
     </span>
     <span class='ocr_line' id='line_1_19' title="bbox 37 1532 820 1593; baseline -0.003 -14"><span class='ocrx_word' id='word_1_150' title='bbox 37 1534 140 1593; x_wconf 85' lang='lat' dir='ltr'>quodam</span> <span class='ocrx_word' id='word_1_151' title='bbox 161 1535 185 1579; x_wconf 93' lang='grc'>111</span> <span class='ocrx_word' id='word_1_152' title='bbox 207 1535 262 1580; x_wconf 90' lang='lat' dir='ltr'>loco</span> <span class='ocrx_word' id='word_1_153' title='bbox 285 1535 368 1579; x_wconf 82' lang='lat' dir='ltr'>Noster</span> <span class='ocrx_word' id='word_1_154' title='bbox 389 1541 504 1580; x_wconf 85' lang='lat' dir='ltr'>assecutus</span> <span class='ocrx_word' id='word_1_155' title='bbox 532 1534 575 1579; x_wconf 85' lang='lat' dir='ltr'>fuit</span> <span class='ocrx_word' id='word_1_156' title='bbox 597 1533 678 1579; x_wconf 86' lang='lat' dir='ltr'>mentis</span> <span class='ocrx_word' id='word_1_157' title='bbox 704 1532 820 1591; x_wconf 80' lang='lat' dir='ltr'>animique</span> 
     </span>
     <span class='ocr_line' id='line_1_20' title="bbox 36 1601 821 1662; baseline -0.005 -13"><span class='ocrx_word' id='word_1_158' title='bbox 36 1611 146 1649; x_wconf 84' lang='lat' dir='ltr'>naturam.</span> <span class='ocrx_word' id='word_1_159' title='bbox 181 1603 341 1648; x_wconf 87' lang='lat' dir='ltr'>Diversitatem</span> <span class='ocrx_word' id='word_1_160' title='bbox 358 1603 437 1660; x_wconf 88' lang='lat' dir='ltr'>modi,</span> <span class='ocrx_word' id='word_1_161' title='bbox 465 1619 512 1662; x_wconf 86' lang='lat' dir='ltr'>qno</span> <span class='ocrx_word' id='word_1_162' title='bbox 534 1603 608 1647; x_wconf 91' lang='lat' dir='ltr'>homo</span> <span class='ocrx_word' id='word_1_163' title='bbox 631 1603 668 1647; x_wconf 81' lang='lat' dir='ltr'>vel</span> <span class='ocrx_word' id='word_1_164' title='bbox 689 1602 712 1646; x_wconf 87' lang='lat' dir='ltr'>in</span> <span class='ocrx_word' id='word_1_165' title='bbox 734 1601 821 1647; x_wconf 82' lang='lat' dir='ltr'>suffra-</span> 
     </span>
     <span class='ocr_line' id='line_1_21' title="bbox 37 1671 821 1733; baseline -0.004 -16"><span class='ocrx_word' id='word_1_166' title='bbox 37 1672 116 1733; x_wconf 82' lang='lat' dir='ltr'>gando</span> <span class='ocrx_word' id='word_1_167' title='bbox 138 1673 176 1717; x_wconf 88' lang='lat' dir='ltr'>vel</span> <span class='ocrx_word' id='word_1_168' title='bbox 201 1673 225 1716; x_wconf 92' lang='grc'>111</span> <span class='ocrx_word' id='word_1_169' title='bbox 248 1672 380 1716; x_wconf 87' lang='lat' dir='ltr'>arbitrando</span> <span class='ocrx_word' id='word_1_170' title='bbox 402 1680 515 1728; x_wconf 75' lang='lat' dir='ltr'>versetur,</span> <span class='ocrx_word' id='word_1_171' title='bbox 543 1675 567 1717; x_wconf 89' lang='grc'>111</span> <span class='ocrx_word' id='word_1_172' title='bbox 588 1672 731 1718; x_wconf 83' lang='lat' dir='ltr'>hocinesse</span> <span class='ocrx_word' id='word_1_173' title='bbox 756 1671 821 1728; x_wconf 85' lang='lat' dir='ltr'>dixit,</span> 
     </span>
     <span class='ocr_line' id='line_1_22' title="bbox 37 1740 821 1808; baseline -0.001 -22"><span class='ocrx_word' id='word_1_174' title='bbox 37 1742 101 1801; x_wconf 88' lang='lat' dir='ltr'>quod</span> <span class='ocrx_word' id='word_1_175' title='bbox 122 1742 152 1786; x_wconf 90' lang='lat' dir='ltr'>ad</span> <span class='ocrx_word' id='word_1_176' title='bbox 175 1741 348 1802; x_wconf 83' lang='lat' dir='ltr'>suffragandum</span> <span class='ocrx_word' id='word_1_177' title='bbox 371 1741 642 1808; x_wconf 22' lang='lat' dir='ltr'>commoveatur-logici</span> <span class='ocrx_word' id='word_1_178' title='bbox 661 1747 685 1786; x_wconf 88' lang='lat' dir='ltr'>et</span> <span class='ocrx_word' id='word_1_179' title='bbox 703 1740 735 1786; x_wconf 87' lang='lat' dir='ltr'>ad</span> <span class='ocrx_word' id='word_1_180' title='bbox 756 1741 821 1786; x_wconf 89' lang='lat' dir='ltr'>arhi-</span> 
     </span>
     <span class='ocr_line' id='line_1_23' title="bbox 36 1810 821 1870; baseline -0.001 -14"><span class='ocrx_word' id='word_1_181' title='bbox 36 1811 142 1857; x_wconf 87' lang='lat' dir='ltr'>trandum</span> <span class='ocrx_word' id='word_1_182' title='bbox 157 1810 208 1870; x_wconf 88' lang='lat' dir='ltr'>ipse</span> <span class='ocrx_word' id='word_1_183' title='bbox 225 1827 253 1857; x_wconf 88' lang='lat' dir='ltr'>se·</span> <span class='ocrx_word' id='word_1_184' title='bbox 269 1811 415 1857; x_wconf 83' lang='lat' dir='ltr'>commoveat</span> <span class='ocrx_word' id='word_1_185' title='bbox 439 1812 514 1858; x_wconf 66' lang='lat' dir='ltr'>ethicis</span> <span class='ocrx_word' id='word_1_186' title='bbox 532 1812 554 1856; x_wconf 85' lang='lat' dir='ltr'>vi</span> <span class='ocrx_word' id='word_1_187' title='bbox 576 1826 698 1858; x_wconf 87' lang='lat' dir='ltr'>causarum</span> <span class='ocrx_word' id='word_1_188' title='bbox 715 1826 821 1859; x_wconf 88' lang='lat' dir='ltr'>necessa-</span> 
     </span>
     <span class='ocr_line' id='line_1_24' title="bbox 36 1881 822 1936; baseline -0.001 -11"><span class='ocrx_word' id='word_1_189' title='bbox 36 1884 127 1927; x_wconf 87' lang='lat' dir='ltr'>riarum.</span> <span class='ocrx_word' id='word_1_190' title='bbox 149 1881 199 1925; x_wconf 88' lang='lat' dir='ltr'>Nec</span> <span class='ocrx_word' id='word_1_191' title='bbox 217 1881 357 1925; x_wconf 82' lang='lat' dir='ltr'>commoveri</span> <span class='ocrx_word' id='word_1_192' title='bbox 375 1897 389 1924; x_wconf 88' lang='lat' dir='ltr'>a</span> <span class='ocrx_word' id='word_1_193' title='bbox 407 1881 576 1926; x_wconf 87' lang='lat' dir='ltr'>commovendo</span> <span class='ocrx_word' id='word_1_194' title='bbox 597 1896 653 1936; x_wconf 83' lang='lat' dir='ltr'>sese,</span> <span class='ocrx_word' id='word_1_195' title='bbox 671 1896 715 1928; x_wconf 91' lang='lat' dir='ltr'>nec</span> <span class='ocrx_word' id='word_1_196' title='bbox 732 1882 766 1926; x_wconf 85' lang='lat' dir='ltr'>vis</span> <span class='ocrx_word' id='word_1_197' title='bbox 783 1881 822 1925; x_wconf 91' lang='lat' dir='ltr'>lo-</span> 
     </span>
     <span class='ocr_line' id='line_1_25' title="bbox 37 1950 822 2013; baseline 0.001 -19"><span class='ocrx_word' id='word_1_198' title='bbox 37 1952 91 2013; x_wconf 81' lang='lat' dir='ltr'>gica</span> <span class='ocrx_word' id='word_1_199' title='bbox 114 1951 144 1995; x_wconf 87' lang='lat' dir='ltr'>ab</span> <span class='ocrx_word' id='word_1_200' title='bbox 165 1950 241 1995; x_wconf 77' lang='lat' dir='ltr'>ethici</span> <span class='ocrx_word' id='word_1_201' title='bbox 263 1950 285 1996; x_wconf 80' lang='lat' dir='ltr'>vi</span> <span class='ocrx_word' id='word_1_202' title='bbox 309 1950 379 2011; x_wconf 87' lang='lat' dir='ltr'>plane</span> <span class='ocrx_word' id='word_1_203' title='bbox 401 1951 503 2012; x_wconf 86' lang='lat' dir='ltr'>separari</span> <span class='ocrx_word' id='word_1_204' title='bbox 526 1956 610 2011; x_wconf 87' lang='lat' dir='ltr'>potest.</span> <span class='ocrx_word' id='word_1_205' title='bbox 644 1951 708 1995; x_wconf 86' lang='lat' dir='ltr'>lllud</span> <span class='ocrx_word' id='word_1_206' title='bbox 726 1950 822 2010; x_wconf 86' lang='lat' dir='ltr'>quidem</span> 
     </span>
     <span class='ocr_line' id='line_1_26' title="bbox 37 2019 822 2082; baseline -0.001 -17"><span class='ocrx_word' id='word_1_207' title='bbox 37 2021 120 2082; x_wconf 87' lang='lat' dir='ltr'>passim</span> <span class='ocrx_word' id='word_1_208' title='bbox 137 2020 188 2064; x_wconf 86' lang='lat' dir='ltr'>fieri</span> <span class='ocrx_word' id='word_1_209' title='bbox 205 2035 249 2080; x_wconf 84' lang='lat' dir='ltr'>par</span> <span class='ocrx_word' id='word_1_210' title='bbox 266 2026 306 2077; x_wconf 86' lang='lat' dir='ltr'>est,</span> <span class='ocrx_word' id='word_1_211' title='bbox 324 2026 356 2078; x_wconf 83' lang='lat' dir='ltr'>ut,</span> <span class='ocrx_word' id='word_1_212' title='bbox 371 2019 499 2067; x_wconf 84' lang='lat' dir='ltr'>theoretice</span> <span class='ocrx_word' id='word_1_213' title='bbox 510 2022 533 2066; x_wconf 93' lang='lat' dir='ltr'>in</span> <span class='ocrx_word' id='word_1_214' title='bbox 542 2021 612 2066; x_wconf 88' lang='lat' dir='ltr'>rebus</span> <span class='ocrx_word' id='word_1_215' title='bbox 621 2027 742 2076; x_wconf 80' lang='lat' dir='ltr'>versantes,</span> <span class='ocrx_word' id='word_1_216' title='bbox 757 2020 822 2065; x_wconf 78' lang='lat' dir='ltr'>nullai</span> 
     </span>
     <span class='ocr_line' id='line_1_27' title="bbox 39 2089 820 2147; baseline -0.003 -12"><span class='ocrx_word' id='word_1_217' title='bbox 39 2090 115 2136; x_wconf 67' lang='lat' dir='ltr'>ethici</span> <span class='ocrx_word' id='word_1_218' title='bbox 131 2091 220 2134; x_wconf 86' lang='lat' dir='ltr'>ratione</span> <span class='ocrx_word' id='word_1_219' title='bbox 237 2090 355 2136; x_wconf 86' lang='lat' dir='ltr'>ducamur.</span> <span class='ocrx_word' id='word_1_220' title='bbox 391 2091 440 2136; x_wconf 87' lang='lat' dir='ltr'>Sed</span> <span class='ocrx_word' id='word_1_221' title='bbox 458 2106 504 2135; x_wconf 90' lang='lat' dir='ltr'>non</span> <span class='ocrx_word' id='word_1_222' title='bbox 522 2092 630 2147; x_wconf 88' lang='lat' dir='ltr'>vicissim,</span> <span class='ocrx_word' id='word_1_223' title='bbox 652 2091 675 2135; x_wconf 91' lang='lat' dir='ltr'>in</span> <span class='ocrx_word' id='word_1_224' title='bbox 696 2090 765 2134; x_wconf 88' lang='lat' dir='ltr'>rebus</span> <span class='ocrx_word' id='word_1_225' title='bbox 789 2089 820 2133; x_wconf 89' lang='lat' dir='ltr'>ad</span> 
     </span>
     <span class='ocr_line' id='line_1_28' title="bbox 39 2160 821 2221; baseline -0.001 -16"><span class='ocrx_word' id='word_1_226' title='bbox 39 2160 156 2221; x_wconf 85' lang='lat' dir='ltr'>agendum</span> <span class='ocrx_word' id='word_1_227' title='bbox 179 2160 344 2219; x_wconf 87' lang='lat' dir='ltr'>pertinentibus</span> <span class='ocrx_word' id='word_1_228' title='bbox 367 2167 495 2217; x_wconf 84' lang='lat' dir='ltr'>versantes,</span> <span class='ocrx_word' id='word_1_229' title='bbox 517 2162 587 2220; x_wconf 90' lang='lat' dir='ltr'>plane</span> <span class='ocrx_word' id='word_1_230' title='bbox 608 2175 655 2204; x_wconf 90' lang='lat' dir='ltr'>non</span> <span class='ocrx_word' id='word_1_231' title='bbox 677 2160 821 2220; x_wconf 70' lang='grc' dir='ltr'>θεωροῦμεν</span> 
     </span>
     <span class='ocr_line' id='line_1_29' title="bbox 39 2227 822 2292; baseline 0 -20"><span class='ocrx_word' id='word_1_232' title='bbox 39 2237 61 2273; x_wconf 86' lang='grc'>11</span> <span class='ocrx_word' id='word_1_233' title='bbox 78 2230 148 2288; x_wconf 90' lang='lat' dir='ltr'>plane</span> <span class='ocrx_word' id='word_1_234' title='bbox 165 2227 229 2273; x_wconf 77' lang='grc'>11111111</span> <span class='ocrx_word' id='word_1_235' title='bbox 247 2229 352 2274; x_wconf 88' lang='lat' dir='ltr'>ducimur</span> <span class='ocrx_word' id='word_1_236' title='bbox 370 2231 449 2292; x_wconf 72' lang='lat' dir='ltr'>logici</span> <span class='ocrx_word' id='word_1_237' title='bbox 466 2231 560 2275; x_wconf 87' lang='lat' dir='ltr'>ratione.</span> <span class='ocrx_word' id='word_1_238' title='bbox 595 2229 732 2274; x_wconf 83' lang='lat' dir='ltr'>Differentia</span> <span class='ocrx_word' id='word_1_239' title='bbox 749 2227 822 2273; x_wconf 89' lang='lat' dir='ltr'>theo-</span> 
     </span>
     <span class='ocr_line' id='line_1_30' title="bbox 37 2299 821 2359; baseline 0.004 -18"><span class='ocrx_word' id='word_1_240' title='bbox 37 2299 161 2357; x_wconf 84' lang='lat' dir='ltr'>reticaeet</span> <span class='ocrx_word' id='word_1_241' title='bbox 186 2299 302 2358; x_wconf 85' lang='lat' dir='ltr'>practicae</span> <span class='ocrx_word' id='word_1_242' title='bbox 324 2301 406 2345; x_wconf 90' lang='lat' dir='ltr'>mentis</span> <span class='ocrx_word' id='word_1_243' title='bbox 428 2315 475 2345; x_wconf 88' lang='lat' dir='ltr'>non</span> <span class='ocrx_word' id='word_1_244' title='bbox 497 2300 595 2346; x_wconf 77' lang='lat' dir='ltr'>cernitur</span> <span class='ocrx_word' id='word_1_245' title='bbox 616 2299 640 2342; x_wconf 89' lang='lat' dir='ltr'>in</span> <span class='ocrx_word' id='word_1_246' title='bbox 662 2299 696 2359; x_wconf 76' lang='lat' dir='ltr'>cpi</span> <span class='ocrx_word' id='word_1_247' title='bbox 719 2299 821 2359; x_wconf 72' lang='grc' dir='ltr'><strong>θεωρεῖν</strong></span> 
     </span>
     <span class='ocr_line' id='line_1_31' title="bbox 39 2361 820 2429; baseline 0.004 -20"><span class='ocrx_word' id='word_1_248' title='bbox 39 2373 61 2410; x_wconf 90' lang='grc'>11</span> <span class='ocrx_word' id='word_1_249' title='bbox 82 2367 106 2409; x_wconf 90' lang='lat' dir='ltr'>in</span> <span class='ocrx_word' id='word_1_250' title='bbox 126 2368 160 2428; x_wconf 78' lang='lat' dir='ltr'>cpi</span> <span class='ocrx_word' id='word_1_251' title='bbox 188 2361 219 2426; x_wconf 76' lang='grc' dir='ltr'>μὴ</span> <span class='ocrx_word' id='word_1_252' title='bbox 241 2370 347 2429; x_wconf 71' lang='grc' dir='ltr'>θεωρεῖν.</span> <span class='ocrx_word' id='word_1_253' title='bbox 389 2369 530 2416; x_wconf 84' lang='lat' dir='ltr'>Theoretice</span> <span class='ocrx_word' id='word_1_254' title='bbox 550 2381 613 2412; x_wconf 85' lang='lat' dir='ltr'>meus</span> <span class='ocrx_word' id='word_1_255' title='bbox 631 2381 726 2412; x_wconf 87' lang='lat' dir='ltr'>cernere</span> <span class='ocrx_word' id='word_1_256' title='bbox 743 2369 820 2412; x_wconf 85' lang='lat' dir='ltr'>studet</span> 
     </span>
     <span class='ocr_line' id='line_1_32' title="bbox 38 2436 820 2493; baseline 0.005 -15"><span class='ocrx_word' id='word_1_257' title='bbox 38 2449 185 2493; x_wconf 88' lang='lat' dir='ltr'>quascunque</span> <span class='ocrx_word' id='word_1_258' title='bbox 194 2449 237 2491; x_wconf 82' lang='lat' dir='ltr'>res,</span> <span class='ocrx_word' id='word_1_259' title='bbox 248 2452 308 2493; x_wconf 80' lang='lat' dir='ltr'>quae</span> <span class='ocrx_word' id='word_1_260' title='bbox 320 2438 370 2483; x_wconf 87' lang='lat' dir='ltr'>siut.</span> <span class='ocrx_word' id='word_1_261' title='bbox 391 2440 496 2484; x_wconf 89' lang='lat' dir='ltr'>Praetice</span> <span class='ocrx_word' id='word_1_262' title='bbox 507 2451 571 2482; x_wconf 87' lang='lat' dir='ltr'>mens</span> <span class='ocrx_word' id='word_1_263' title='bbox 583 2436 684 2481; x_wconf 87' lang='lat' dir='ltr'>continet</span> <span class='ocrx_word' id='word_1_264' title='bbox 692 2437 757 2482; x_wconf 89' lang='lat' dir='ltr'>idem</span> <span class='ocrx_word' id='word_1_265' title='bbox 771 2437 820 2482; x_wconf 90' lang='lat' dir='ltr'>hoc</span> 
     </span>
     <span class='ocr_line' id='line_1_33' title="bbox 38 2503 820 2569; baseline 0.004 -21"><span class='ocrx_word' id='word_1_266' title='bbox 38 2503 136 2549; x_wconf 87' lang='lat' dir='ltr'>studium</span> <span class='ocrx_word' id='word_1_267' title='bbox 149 2503 179 2546; x_wconf 91' lang='lat' dir='ltr'>ab</span> <span class='ocrx_word' id='word_1_268' title='bbox 192 2503 241 2547; x_wconf 88' lang='lat' dir='ltr'>aliis</span> <span class='ocrx_word' id='word_1_269' title='bbox 252 2505 321 2550; x_wconf 86' lang='lat' dir='ltr'>rebus</span> <span class='ocrx_word' id='word_1_270' title='bbox 336 2510 440 2555; x_wconf 86' lang='lat' dir='ltr'>omnibus</span> <span class='ocrx_word' id='word_1_271' title='bbox 454 2512 546 2568; x_wconf 81' lang='lat' dir='ltr'>praeter</span> <span class='ocrx_word' id='word_1_272' title='bbox 555 2507 694 2552; x_wconf 87' lang='lat' dir='ltr'>necessarias</span> <span class='ocrx_word' id='word_1_273' title='bbox 705 2506 736 2552; x_wconf 88' lang='lat' dir='ltr'>ad</span> <span class='ocrx_word' id='word_1_274' title='bbox 748 2522 820 2569; x_wconf 81' lang='lat' dir='ltr'>agen-</span> 
     </span>
     <span class='ocr_line' id='line_1_34' title="bbox 39 2572 820 2639; baseline 0.003 -22"><span class='ocrx_word' id='word_1_275' title='bbox 39 2574 100 2619; x_wconf 88' lang='lat' dir='ltr'>dum.</span> <span class='ocrx_word' id='word_1_276' title='bbox 118 2572 257 2631; x_wconf 82' lang='lat' dir='ltr'>imperando</span> <span class='ocrx_word' id='word_1_277' title='bbox 271 2580 347 2639; x_wconf 84' lang='lat' dir='ltr'>autem</span> <span class='ocrx_word' id='word_1_278' title='bbox 358 2584 381 2620; x_wconf 90' lang='lat' dir='ltr'>et</span> <span class='ocrx_word' id='word_1_279' title='bbox 396 2575 512 2622; x_wconf 88' lang='lat' dir='ltr'>credendo</span> <span class='ocrx_word' id='word_1_280' title='bbox 522 2590 567 2619; x_wconf 90' lang='lat' dir='ltr'>non</span> <span class='ocrx_word' id='word_1_281' title='bbox 581 2577 709 2621; x_wconf 88' lang='lat' dir='ltr'>continetur</span> <span class='ocrx_word' id='word_1_282' title='bbox 724 2577 774 2638; x_wconf 89' lang='lat' dir='ltr'>ipsa</span> <span class='ocrx_word' id='word_1_283' title='bbox 784 2591 820 2621; x_wconf 86' lang='lat' dir='ltr'>res</span> 
     </span>
     <span class='ocr_line' id='line_1_35' title="bbox 39 2641 818 2706; baseline 0 -18"><span class='ocrx_word' id='word_1_284' title='bbox 39 2659 74 2699; x_wconf 87' lang='lat' dir='ltr'>ea,</span> <span class='ocrx_word' id='word_1_285' title='bbox 91 2656 161 2700; x_wconf 88' lang='lat' dir='ltr'>quam</span> <span class='ocrx_word' id='word_1_286' title='bbox 177 2641 278 2702; x_wconf 87' lang='lat' dir='ltr'>practica</span> <span class='ocrx_word' id='word_1_287' title='bbox 295 2658 359 2689; x_wconf 91' lang='lat' dir='ltr'>mens</span> <span class='ocrx_word' id='word_1_288' title='bbox 371 2647 442 2706; x_wconf 84' lang='lat' dir='ltr'>gerit,</span> <span class='ocrx_word' id='word_1_289' title='bbox 465 2645 506 2689; x_wconf 91' lang='lat' dir='ltr'>sed</span> <span class='ocrx_word' id='word_1_290' title='bbox 523 2644 665 2706; x_wconf 83' lang='lat' dir='ltr'>significatur</span> <span class='ocrx_word' id='word_1_291' title='bbox 683 2649 755 2693; x_wconf 86' lang='lat' dir='ltr'>exitus</span> <span class='ocrx_word' id='word_1_292' title='bbox 772 2646 818 2689; x_wconf 91' lang='lat' dir='ltr'>hu-</span> 
     </span>
     <span class='ocr_line' id='line_1_36' title="bbox 39 2711 817 2773; baseline -0.004 -15"><span class='ocrx_word' id='word_1_293' title='bbox 39 2714 73 2759; x_wconf 86' lang='lat' dir='ltr'>ius</span> <span class='ocrx_word' id='word_1_294' title='bbox 82 2711 122 2757; x_wconf 82' lang='lat' dir='ltr'>rei.</span> <span class='ocrx_word' id='word_1_295' title='bbox 149 2711 231 2768; x_wconf 88' lang='lat' dir='ltr'>Neque</span> <span class='ocrx_word' id='word_1_296' title='bbox 249 2711 347 2757; x_wconf 84' lang='lat' dir='ltr'>discerni</span> <span class='ocrx_word' id='word_1_297' title='bbox 365 2720 443 2773; x_wconf 89' lang='lat' dir='ltr'>potest</span> <span class='ocrx_word' id='word_1_298' title='bbox 459 2717 580 2760; x_wconf 83' lang='lat' dir='ltr'>necessitas</span> <span class='ocrx_word' id='word_1_299' title='bbox 589 2716 685 2763; x_wconf 87' lang='lat' dir='ltr'>alicuius</span> <span class='ocrx_word' id='word_1_300' title='bbox 700 2717 733 2761; x_wconf 88' lang='lat' dir='ltr'>rei</span> <span class='ocrx_word' id='word_1_301' title='bbox 742 2714 817 2760; x_wconf 88' lang='lat' dir='ltr'>ethica</span> 
     </span>
     <span class='ocr_line' id='line_1_37' title="bbox 39 2780 818 2846; baseline 0 -19"><span class='ocrx_word' id='word_1_302' title='bbox 39 2798 74 2837; x_wconf 71' lang='lat' dir='ltr'>ea,</span> <span class='ocrx_word' id='word_1_303' title='bbox 91 2796 151 2840; x_wconf 91' lang='lat' dir='ltr'>quae</span> <span class='ocrx_word' id='word_1_304' title='bbox 162 2785 224 2826; x_wconf 89' lang='lat' dir='ltr'>recte</span> <span class='ocrx_word' id='word_1_305' title='bbox 238 2780 333 2837; x_wconf 80' lang='lat' dir='ltr'>dicatur,</span> <span class='ocrx_word' id='word_1_306' title='bbox 351 2784 380 2827; x_wconf 89' lang='lat' dir='ltr'>ab</span> <span class='ocrx_word' id='word_1_307' title='bbox 398 2784 554 2830; x_wconf 73' lang='lat' dir='ltr'>commentitia</span> <span class='ocrx_word' id='word_1_308' title='bbox 565 2787 613 2846; x_wconf 55' lang='lat' dir='ltr'>⁸nisi</span> <span class='ocrx_word' id='word_1_309' title='bbox 629 2784 742 2834; x_wconf 86' lang='lat' dir='ltr'>cernendo</span> <span class='ocrx_word' id='word_1_310' title='bbox 758 2781 818 2844; x_wconf 84' lang='lat' dir='ltr'>legis</span> 
     </span>
     <span class='ocr_line' id='line_1_38' title="bbox 38 2850 407 2899; baseline 0.003 -2"><span class='ocrx_word' id='word_1_311' title='bbox 38 2852 129 2899; x_wconf 86' lang='lat' dir='ltr'>ethicae</span> <span class='ocrx_word' id='word_1_312' title='bbox 147 2856 169 2895; x_wconf 88' lang='lat' dir='ltr'>et</span> <span class='ocrx_word' id='word_1_313' title='bbox 185 2850 219 2895; x_wconf 85' lang='lat' dir='ltr'>rei</span> <span class='ocrx_word' id='word_1_314' title='bbox 236 2851 407 2898; x_wconf 87' lang='lat' dir='ltr'>connexionem.</span> 
     </span>
    </p>

    <p class='ocr_par' dir='ltr' id='par_1_3' title="bbox 39 2918 820 3060">
     <span class='ocr_line' id='line_1_39' title="bbox 91 2918 820 2982; baseline 0 -16"><span class='ocrx_word' id='word_1_315' title='bbox 91 2920 200 2966; x_wconf 86' lang='lat' dir='ltr'>Ethica</span> <span class='ocrx_word' id='word_1_316' title='bbox 218 2927 293 2967; x_wconf 89' lang='lat' dir='ltr'>autem</span> <span class='ocrx_word' id='word_1_317' title='bbox 308 2921 365 2967; x_wconf 89' lang='lat' dir='ltr'>fidei</span> <span class='ocrx_word' id='word_1_318' title='bbox 378 2924 443 2982; x_wconf 83' lang='lat' dir='ltr'>ratio</span> <span class='ocrx_word' id='word_1_319' title='bbox 462 2930 485 2971; x_wconf 85' lang='lat' dir='ltr'>et</span> <span class='ocrx_word' id='word_1_320' title='bbox 501 2924 534 2970; x_wconf 86' lang='lat' dir='ltr'>vis</span> <span class='ocrx_word' id='word_1_321' title='bbox 550 2918 723 2970; x_wconf 87' lang='lat' dir='ltr'>eodemmodo</span> <span class='ocrx_word' id='word_1_322' title='bbox 741 2919 820 2966; x_wconf 91' lang='lat' dir='ltr'>immi-</span> 
     </span>
     <span class='ocr_line' id='line_1_40' title="bbox 39 2988 820 3060; baseline 0 -25"><span class='ocrx_word' id='word_1_323' title='bbox 39 2991 120 3052; x_wconf 78' lang='lat' dir='ltr'>nuitur,</span> <span class='ocrx_word' id='word_1_324' title='bbox 138 3006 185 3051; x_wconf 89' lang='lat' dir='ltr'>quo</span> <span class='ocrx_word' id='word_1_325' title='bbox 202 2991 273 3038; x_wconf 87' lang='lat' dir='ltr'>modo</span> <span class='ocrx_word' id='word_1_326' title='bbox 291 2992 442 3058; x_wconf 82' lang='lat' dir='ltr'>intelligentia</span> <span class='ocrx_word' id='word_1_327' title='bbox 462 3001 565 3060; x_wconf 84' lang='lat' dir='ltr'>augetur.</span> <span class='ocrx_word' id='word_1_328' title='bbox 600 2994 676 3048; x_wconf 84' lang='lat' dir='ltr'>Atque</span> <span class='ocrx_word' id='word_1_329' title='bbox 694 2988 820 3038; x_wconf 76' lang='grc'>11111111-</span> 
     </span>
    </p>
   </div>
   <div class='ocr_carea' id='block_1_3' title="bbox 0 0 873 3169">
    <p class='ocr_par' dir='ltr' id='par_1_4' title="bbox 0 0 873 3169">
     <span class='ocr_line' id='line_1_41' title="bbox 0 0 873 3169; baseline 0 0"><span class='ocrx_word' id='word_1_330' title='bbox 0 0 873 3169; x_wconf 95' lang='lat' dir='ltr'> </span> 
     </span>
    </p>
   </div>
  </div>
 </body>
</html>
