1732 3169
35 188 70 235 56
104 245 106 250 Ι
140 190 284 247 Philosophiae
293 188 400 240 Hermesta·
409 188 500 235 PorsII.
512 188 648 241 Qaeettoff.
659 188 721 246 §.la

35 313 201 378 pantheismum
217 315 281 356 erant
297 308 515 371 nomina‘professi3
531 311 575 364 „sed
590 313 744 372 scepticorum
761 327 822 373 quo-

34 402 79 445 que
96 388 118 428 et
138 381 281 440 criticorum,
308 380 391 441 quibus
414 386 551 442 argumenta
572 383 731 441 quaestionum
753 382 821 429 huius

32 452 122 517 generis
140 451 214 511 altius,
231 467 302 513 quam
319 452 353 499 ris
370 451 486 499 humanae
502 453 585 499 mentis
601 459 699 519 pateret,
716 453 758 500 sita
773 469 822 501 esse

32 523 173 571 videbantur.

84 592 145 639 Cum
161 590 198 639 his
218 593 324 640 omnibus
342 594 416 656 egisse
433 598 503 653 atque
521 591 626 639 omnibus
646 592 682 639 his
701 608 752 640 eam
770 607 821 639 sen-

32 663 137 722 tentiam,
158 679 219 723 quae
237 664 336 712 dicenda
356 680 405 710 esse
421 664 548 721 videretur,
573 663 697 725 probasse,
725 678 822 711 consen-

32 741 123 780 taneum
139 741 189 779 erat
205 733 239 781 rei
257 735 287 780 ab
294 735 416 780 Hermesio
434 741 561 796 susceptae.
579 734 698 791 Hierero,
716 749 746 780 ne
760 749 822 779 asse-

33 810 97 860 cutus
113 803 209 863 quidem
233 804 280 850 vim
307 810 330 849 et
352 810 490 865 potestatem
509 805 607 850 notionis
626 804 701 861 iliius,
730 802 822 849 aliunde

32 874 130 935 repetito
148 874 267 920 ratiocinio
287 880 397 935 tanquam
415 889 462 920 uno
479 874 527 920 ictu
544 879 638 921 cunctos
655 875 709 919 istos
726 873 821 936 fugavit

32 944 172 991 Substantias
195 945 255 989 enim
272 943 337 1002 illas,
359 944 424 990 velut
437 945 568 1002 materiam,
587 959 643 1004 quas
661 945 758 991 creatori
776 943 822 988 deo

33 1014 132 1061 adfuisse
146 1013 319 1075 perhibuerint,
345 1028 393 1059 non
409 1013 511 1074 potuisse
529 1013 648 1060 contendit
669 1014 693 1059 in
707 1013 822 1059 creatione

33 1083 112 1129 mundi
129 1099 193 1142 eam,
215 1099 285 1143 quam
302 1083 363 1129 haec
380 1082 452 1128 ferret
473 1098 501 1130 ae
517 1083 645 1143 flagitaret,
671 1084 822 1129 mutationem

33 1154 116 1210 subire,
133 1168 229 1214 quoquo
247 1153 319 1199 modo
337 1153 478 1215 fingerentur
495 1152 533 1198 vel
547 1153 577 1199 ab
593 1158 686 1198 aeterno
703 1153 772 1199 fuisse
784 1152 828 1203 veis

33 1224 183 1269 mutationem
204 1223 229 1268 in
245 1217 361 1269 creatione
378 1222 459 1268 muudi
479 1222 580 1268 subiisse.
614 1222 676 1267 Nam
697 1223 763 1282 quasi
779 1236 822 1282 per

33 1292 201 1348 inductionem,
219 1292 348 1352 nniversam
368 1292 491 1336 modorum
508 1291 625 1350 utriusque
641 1291 709 1337 huius
732 1291 823 1353 generis

35 1362 167 1406 varietatem
185 1362 327 1421 complexus,
345 1360 468 1408 docuerat:
490 1361 570 1421 quovis
586 1360 671 1406 horum
688 1362 763 1421 posito
782 1377 822 1407 ae-

34 1430 162 1476 ternitatem
180 1435 203 1477 et
217 1432 368 1477 mutationem
384 1431 477 1476 istarum
495 1430 668 1477 substantiarum
688 1446 766 1478 secum
787 1430 822 1476 in-

33 1500 108 1546 vicem
125 1515 171 1546 non
189 1501 321 1553 consistere3
338 1500 415 1562 itaque
432 1499 474 1544 has
492 1506 531 1545 aut
548 1515 595 1545 non
611 1502 641 1546 ab
650 1506 744 1545 aeterno
753 1501 822 1545 fuisse

34 1586 62 1618 ac
80 1570 177 1618 creatori
195 1570 240 1617 deo
258 1570 367 1628 adfuisse,
387 1575 490 1618 autnon
507 1571 609 1632 potuisse
626 1571 649 1616 in
667 1571 783 1618 creatione
799 1572 823 1616 in

34 1641 102 1687 aliam
119 1641 219 1688 formam
236 1641 359 1688 transferri.
393 1641 434 1688 Sic
455 1639 555 1702 denique
572 1641 683 1701 eredidit,
710 1641 759 1690 hoc
776 1657 822 1688 uno

33 1712 105 1759 modo
122 1713 209 1759 factam
227 1728 275 1759 esse
293 1712 432 1761 creationem
449 1713 541 1773 mundi,
559 1718 585 1759 ut
602 1713 670 1760 etiam
685 1714 823 1760 substantia-

34 1799 85 1830 rum
101 1784 193 1829 illarum
210 1790 291 1845 ortum
309 1783 412 1830 effecerit
429 1799 475 1838 una
499 1789 522 1829 et
543 1784 593 1829 sota
614 1800 722 1847 suprema
746 1799 823 1832 cansa.

34 1854 136 1899 —Sed
154 1854 288 1914 explicatius
305 1854 389 1902 dicam.
424 1853 524 1912 Modos,
548 1855 631 1915 quibus
647 1855 702 1900 illae
718 1856 823 1902 substan-

35 1924 81 1970 tiae
96 1924 127 1969 ab
140 1930 232 1969 aeterno
249 1929 341 1986 praeter
358 1940 489 1985 supremam
507 1941 599 1972 eausam
616 1916 738 1972 substitisse
754 1927 824 1989 cogi·

36 1995 79 2040 tari
98 2000 205 2056 possent,
217 2041 218 2044 ,
232 1992 276 2039 hos
292 2000 339 2040 tres
356 2010 405 2040 esse
420 1994 487 2041 dixit:
504 2002 531 2041 ut
548 2012 562 2041 a
582 2012 607 2042 se
626 1996 762 2042 substiterint
783 2001 823 2042 aut

36 2081 79 2127 per
101 2081 126 2120 se
150 2065 211 2126 ipsas
235 2070 274 2110 aut
296 2080 339 2125 per
361 2065 435 2125 ipsam
459 2081 591 2127 supremam
614 2081 706 2112 causam
724 2072 764 2111 aut
779 2081 823 2126 per

36 2137 104 2180 aliam
121 2140 145 2181 et
162 2134 227 2195 quasi
250 2135 340 2179 tertiam
362 2134 478 2194 quandam
500 2150 550 2180 rem
573 2150 587 2180 a
611 2150 636 2181 se
658 2136 823 2182 subsistentem.

36 2205 82 2251 Sed
93 2204 150 2250 nihil
159 2209 238 2267 potest
246 2203 293 2250 boc
303 2203 413 2265 adeptum
427 2219 476 2249 esse
491 2204 545 2262 dici,
562 2210 615 2249 uta
629 2221 654 2251 se
667 2205 701 2251 sit.
735 2205 823 2261 Debuit

37 2276 159 2322 modorum
183 2274 320 2322 subsistendi
347 2274 487 2319 enumeratio
508 2274 532 2319 in
560 2274 650 2320 duobus
677 2275 722 2321 iilis
748 2276 823 2323 conti-

36 2346 96 2402 neri,
123 2360 181 2406 quos
204 2346 228 2391 in
246 2345 353 2390 omnibus
377 2343 482 2394 dualismi
508 2343 587 2390 formis
613 2347 688 2406 repeti
713 2345 831 2397 videmus.-

37 2415 120 2462 Aiteris
136 2412 151 2479 ἡ
164 2410 211 2478 ὕλη
228 2415 276 2461 visa
289 2415 335 2468 >fuit
348 2430 362 2460 a
377 2409 499 2476 semetipsa
509 2421 601 2476 praeter
610 2415 679 2462 deum
689 2432 747 2471 esse;
764 2417 824 2464 alte-

38 2484 74 2540 ris,
91 2486 163 2544 iisque
173 2485 340 2543 eruditioribus,
358 2501 404 2530 non
415 2500 462 2531 ase
473 2501 532 2542 esse,
550 2481 591 2531 sed
600 2486 689 2547 seiungi
697 2502 743 2532 uon
752 2502 823 2547 posse

38 2568 52 2598 a
70 2551 109 2597 dei
125 2554 225 2611 essentia,
245 2554 443 2615 quemadmodum
458 2548 486 2601 ad
496 2550 528 2618 po)
541 2549 611 2619 [ocio]
624 2553 682 2603 aiom
695 2572 709 2600 a
720 2559 754 2619 τῷ
764 2552 824 2603 ebat

36 2622 126 2684 seiungi
142 2638 186 2668 non
198 2631 283 2684 posset.
318 2624 410 2670 Inducti
426 2624 518 2671 fuerunt
534 2626 558 2670 in
571 2625 634 2672 hauc
646 2625 752 2671 dualismi
766 2641 824 2687 pro-

37 2693 160 2739 fessionem
178 2692 242 2738 atteri
258 2695 284 2740 hi
302 2696 370 2740 etiam
387 2694 468 2756 logicis
483 2695 531 2741 hac
547 2695 605 2757 ipsb,
623 2710 693 2754 quam
711 2696 765 2752 dixi,
783 2712 823 2740 ra-

37 2763 112 2818 tione3
130 2761 222 2820 utrique
239 2765 346 2822 empirica
361 2764 462 2824 quadam
478 2765 575 2825 ratione,
592 2764 695 2810 arbitrati
711 2766 736 2810 in
753 2765 823 2810 rebus

38 2834 185 2893 conspicuam
208 2829 308 2877 duorum
335 2833 378 2881 sibi
402 2836 569 2880 contrariorum
595 2834 779 2891 coniunctionem
799 2831 825 2876 in

38 2899 92 2959 ipsis
109 2901 183 2948 causis
204 2900 270 2945 sitam
284 2914 331 2945 esse
350 2909 465 2962 oportere.
489 2904 622 2949 Hermesius
639 2903 746 2948 adversus
763 2915 824 2945 nen-

40 2974 97 3014 tram
113 2970 196 3017 harum
214 2969 327 3015 rationum
348 2970 470 3018 dicendum
493 2972 535 3019 sibi
556 2988 607 3019 esse·
627 2972 697 3017 duxit.
742 2970 824 3030 Neque
