<?xml version="1.0" encoding="UTF-8"?>
<!DOCTYPE html PUBLIC "-//W3C//DTD XHTML 1.0 Transitional//EN"
    "http://www.w3.org/TR/xhtml1/DTD/xhtml1-transitional.dtd">
<html xmlns="http://www.w3.org/1999/xhtml" xml:lang="en" lang="en">
 <head>
  <title>
</title>
<meta http-equiv="Content-Type" content="text/html;charset=utf-8" />
  <meta name='ocr-system' content='tesseract 3.04.00' />
  <meta name='ocr-capabilities' content='ocr_page ocr_carea ocr_par ocr_line ocrx_word'/>
</head>
<body>
  <div class='ocr_page' id='page_1' title='image "MN5160ucmf_1_0021.png"; bbox 0 0 1732 3169; ppageno 0'>
   <div class='ocr_carea' id='block_1_1' title="bbox 805 158 820 186">
    <p class='ocr_par' dir='ltr' id='par_1_1' title="bbox 805 158 820 186">
     <span class='ocr_line' id='line_1_1' title="bbox 805 158 820 186; baseline 0 0"><span class='ocrx_word' id='word_1_1' title='bbox 805 158 820 186; x_wconf 81' lang='lat' dir='ltr'>V</span> 
     </span>
    </p>
   </div>
   <div class='ocr_carea' id='block_1_2' title="bbox 31 268 819 335">
    <p class='ocr_par' dir='ltr' id='par_1_2' title="bbox 31 268 819 335">
     <span class='ocr_line' id='line_1_2' title="bbox 31 268 819 335; baseline -0.016 -8"><span class='ocrx_word' id='word_1_2' title='bbox 31 277 161 328; x_wconf 82' lang='lat' dir='ltr'>Ostendisse</span> <span class='ocrx_word' id='word_1_3' title='bbox 184 275 241 321; x_wconf 92' lang='lat' dir='ltr'>mihi</span> <span class='ocrx_word' id='word_1_4' title='bbox 263 273 355 334; x_wconf 87' lang='lat' dir='ltr'>videor,</span> <span class='ocrx_word' id='word_1_5' title='bbox 381 289 512 335; x_wconf 85' lang='lat' dir='ltr'>quanquam</span> <span class='ocrx_word' id='word_1_6' title='bbox 535 272 583 319; x_wconf 93' lang='lat' dir='ltr'>hoo</span> <span class='ocrx_word' id='word_1_7' title='bbox 605 269 711 319; x_wconf 75' lang='lat' dir='ltr'><strong>modeste</strong></span> <span class='ocrx_word' id='word_1_8' title='bbox 732 268 819 317; x_wconf 87' lang='lat' dir='ltr'>dictum</span> 
     </span>
    </p>
   </div>
   <div class='ocr_carea' id='block_1_3' title="bbox 31 378 818 441">
    <p class='ocr_par' dir='ltr' id='par_1_3' title="bbox 31 378 818 441">
     <span class='ocr_line' id='line_1_3' title="bbox 31 378 818 441; baseline -0.013 -11"><span class='ocrx_word' id='word_1_9' title='bbox 31 383 153 431; x_wconf 81' lang='lat' dir='ltr'>existimari</span> <span class='ocrx_word' id='word_1_10' title='bbox 170 382 253 440; x_wconf 84' lang='lat' dir='ltr'>velim,</span> <span class='ocrx_word' id='word_1_11' title='bbox 270 396 345 441; x_wconf 89' lang='lat' dir='ltr'>neque</span> <span class='ocrx_word' id='word_1_12' title='bbox 359 380 521 426; x_wconf 87' lang='lat' dir='ltr'>Hermesiauos</span> <span class='ocrx_word' id='word_1_13' title='bbox 539 378 639 435; x_wconf 84' lang='lat' dir='ltr'>habere,</span> <span class='ocrx_word' id='word_1_14' title='bbox 663 392 711 437; x_wconf 87' lang='lat' dir='ltr'>quo</span> <span class='ocrx_word' id='word_1_15' title='bbox 730 381 756 421; x_wconf 88' lang='lat' dir='ltr'>ut</span> <span class='ocrx_word' id='word_1_16' title='bbox 773 390 818 421; x_wconf 92' lang='lat' dir='ltr'>no-</span> 
     </span>
    </p>
   </div>
   <div class='ocr_carea' id='block_1_4' title="bbox 29 482 818 544">
    <p class='ocr_par' dir='ltr' id='par_1_4' title="bbox 29 482 818 544">
     <span class='ocr_line' id='line_1_4' title="bbox 29 482 818 544; baseline -0.011 -8"><span class='ocrx_word' id='word_1_17' title='bbox 29 506 72 536; x_wconf 86' lang='lat' dir='ltr'>vae</span> <span class='ocrx_word' id='word_1_18' title='bbox 91 490 124 536; x_wconf 88' lang='lat' dir='ltr'>sic</span> <span class='ocrx_word' id='word_1_19' title='bbox 142 488 241 536; x_wconf 79' lang='lat' dir='ltr'><strong>certioris</strong></span> <span class='ocrx_word' id='word_1_20' title='bbox 259 502 287 534; x_wconf 92' lang='lat' dir='ltr'>ac</span> <span class='ocrx_word' id='word_1_21' title='bbox 304 485 407 532; x_wconf 87' lang='lat' dir='ltr'>rectioris</span> <span class='ocrx_word' id='word_1_22' title='bbox 425 483 561 544; x_wconf 84' lang='lat' dir='ltr'>theologiae</span> <span class='ocrx_word' id='word_1_23' title='bbox 587 482 707 529; x_wconf 83' lang='lat' dir='ltr'>exordium</span> <span class='ocrx_word' id='word_1_24' title='bbox 730 498 745 527; x_wconf 86' lang='lat' dir='ltr'>a</span> <span class='ocrx_word' id='word_1_25' title='bbox 766 497 818 528; x_wconf 86' lang='lat' dir='ltr'>ma-</span> 
     </span>
    </p>
   </div>
   <div class='ocr_carea' id='block_1_5' title="bbox 29 587 817 657">
    <p class='ocr_par' dir='ltr' id='par_1_5' title="bbox 29 587 817 657">
     <span class='ocr_line' id='line_1_5' title="bbox 29 587 817 657; baseline -0.01 -17"><span class='ocrx_word' id='word_1_26' title='bbox 29 596 100 657; x_wconf 85' lang='lat' dir='ltr'>gistro</span> <span class='ocrx_word' id='word_1_27' title='bbox 119 609 159 640; x_wconf 90' lang='lat' dir='ltr'>suo</span> <span class='ocrx_word' id='word_1_28' title='bbox 179 593 267 638; x_wconf 88' lang='lat' dir='ltr'>factum</span> <span class='ocrx_word' id='word_1_29' title='bbox 283 605 332 635; x_wconf 88' lang='lat' dir='ltr'>esse</span> <span class='ocrx_word' id='word_1_30' title='bbox 349 588 479 641; x_wconf 81' lang='lat' dir='ltr'>confidant3</span> <span class='ocrx_word' id='word_1_31' title='bbox 502 602 578 646; x_wconf 89' lang='lat' dir='ltr'>neque</span> <span class='ocrx_word' id='word_1_32' title='bbox 596 587 752 648; x_wconf 85' lang='lat' dir='ltr'>adversarios,</span> <span class='ocrx_word' id='word_1_33' title='bbox 775 602 817 634; x_wconf 89' lang='lat' dir='ltr'>cur</span> 
     </span>
    </p>
   </div>
   <div class='ocr_carea' id='block_1_6' title="bbox 21 690 816 2842">
    <p class='ocr_par' dir='ltr' id='par_1_6' title="bbox 21 690 816 2842">
     <span class='ocr_line' id='line_1_6' title="bbox 29 690 816 752; baseline -0.01 -7"><span class='ocrx_word' id='word_1_34' title='bbox 29 698 126 744; x_wconf 83' lang='lat' dir='ltr'>eandem</span> <span class='ocrx_word' id='word_1_35' title='bbox 148 698 171 742; x_wconf 89' lang='lat' dir='ltr'>in</span> <span class='ocrx_word' id='word_1_36' title='bbox 193 696 241 740; x_wconf 90' lang='lat' dir='ltr'>hoc</span> <span class='ocrx_word' id='word_1_37' title='bbox 264 692 351 738; x_wconf 85' lang='lat' dir='ltr'>exordii</span> <span class='ocrx_word' id='word_1_38' title='bbox 374 693 429 737; x_wconf 90' lang='lat' dir='ltr'>loco</span> <span class='ocrx_word' id='word_1_39' title='bbox 452 690 597 738; x_wconf 84' lang='lat' dir='ltr'>constitutam</span> <span class='ocrx_word' id='word_1_40' title='bbox 611 691 698 752; x_wconf 82' lang='lat' dir='ltr'>ingenti</span> <span class='ocrx_word' id='word_1_41' title='bbox 717 693 758 737; x_wconf 92' lang='lat' dir='ltr'>illo</span> <span class='ocrx_word' id='word_1_42' title='bbox 777 699 816 737; x_wconf 88' lang='lat' dir='ltr'>aut</span> 
     </span>
     <span class='ocr_line' id='line_1_7' title="bbox 28 794 816 857; baseline -0.009 -8"><span class='ocrx_word' id='word_1_43' title='bbox 28 809 91 849; x_wconf 89' lang='lat' dir='ltr'>metu</span> <span class='ocrx_word' id='word_1_44' title='bbox 108 807 147 846; x_wconf 87' lang='lat' dir='ltr'>aut</span> <span class='ocrx_word' id='word_1_45' title='bbox 162 799 216 844; x_wconf 87' lang='lat' dir='ltr'>odio</span> <span class='ocrx_word' id='word_1_46' title='bbox 230 802 403 857; x_wconf 85' lang='lat' dir='ltr'>persequantur.</span> <span class='ocrx_word' id='word_1_47' title='bbox 437 795 522 842; x_wconf 90' lang='lat' dir='ltr'>Nescio</span> <span class='ocrx_word' id='word_1_48' title='bbox 541 810 569 840; x_wconf 87' lang='lat' dir='ltr'>an</span> <span class='ocrx_word' id='word_1_49' title='bbox 586 794 727 857; x_wconf 79' lang='lat' dir='ltr'>prudentiuS,</span> <span class='ocrx_word' id='word_1_50' title='bbox 745 812 816 856; x_wconf 86' lang='lat' dir='ltr'>quam</span> 
     </span>
     <span class='ocr_line' id='line_1_8' title="bbox 27 898 815 965; baseline -0.004 -16"><span class='ocrx_word' id='word_1_51' title='bbox 27 906 66 950; x_wconf 91' lang='lat' dir='ltr'>ille</span> <span class='ocrx_word' id='word_1_52' title='bbox 80 905 183 965; x_wconf 83' lang='lat' dir='ltr'>logicam</span> <span class='ocrx_word' id='word_1_53' title='bbox 205 902 365 963; x_wconf 79' lang='lat' dir='ltr'>theologiam,</span> <span class='ocrx_word' id='word_1_54' title='bbox 392 898 564 946; x_wconf 85' lang='lat' dir='ltr'>Danuhawerns</span> <span class='ocrx_word' id='word_1_55' title='bbox 582 901 700 960; x_wconf 85' lang='lat' dir='ltr'>quondam</span> <span class='ocrx_word' id='word_1_56' title='bbox 716 901 815 965; x_wconf 67' lang='lat'><strong>[1679]</strong></span> 
     </span>
     <span class='ocr_line' id='line_1_9' title="bbox 27 1004 814 1066; baseline 0 -14"><span class='ocrx_word' id='word_1_57' title='bbox 27 1009 127 1066; x_wconf 88' lang='lat' dir='ltr'>„librum</span> <span class='ocrx_word' id='word_1_58' title='bbox 137 1007 287 1055; x_wconf 86' lang='lat' dir='ltr'>conscientiae</span> <span class='ocrx_word' id='word_1_59' title='bbox 300 1010 405 1066; x_wconf 88' lang='lat' dir='ltr'>apertum</span> <span class='ocrx_word' id='word_1_60' title='bbox 415 1021 432 1050; x_wconf 87' lang='lat' dir='ltr'>s.</span> <span class='ocrx_word' id='word_1_61' title='bbox 440 1004 586 1066; x_wconf 83' lang='lat' dir='ltr'>theologiam</span> <span class='ocrx_word' id='word_1_62' title='bbox 601 1007 814 1053; x_wconf 83' lang='lat' dir='ltr'>conscientiariam“</span> 
     </span>
     <span class='ocr_line' id='line_1_10' title="bbox 28 1107 815 1171; baseline 0 -16"><span class='ocrx_word' id='word_1_63' title='bbox 28 1111 130 1156; x_wconf 85' lang='lat' dir='ltr'>ediderit.</span> <span class='ocrx_word' id='word_1_64' title='bbox 166 1112 211 1156; x_wconf 90' lang='lat' dir='ltr'>Illo</span> <span class='ocrx_word' id='word_1_65' title='bbox 229 1110 310 1171; x_wconf 82' lang='lat' dir='ltr'>logico</span> <span class='ocrx_word' id='word_1_66' title='bbox 328 1107 513 1170; x_wconf 85' lang='lat' dir='ltr'>philosophandi</span> <span class='ocrx_word' id='word_1_67' title='bbox 528 1108 600 1153; x_wconf 84' lang='lat' dir='ltr'>modo</span> <span class='ocrx_word' id='word_1_68' title='bbox 623 1109 664 1154; x_wconf 90' lang='lat' dir='ltr'>illa</span> <span class='ocrx_word' id='word_1_69' title='bbox 686 1109 815 1157; x_wconf 86' lang='lat' dir='ltr'>catholicae</span> 
     </span>
     <span class='ocr_line' id='line_1_11' title="bbox 26 1212 815 1276; baseline 0 -18"><span class='ocrx_word' id='word_1_70' title='bbox 26 1213 160 1276; x_wconf 83' lang='lat' dir='ltr'>theologiae</span> <span class='ocrx_word' id='word_1_71' title='bbox 175 1213 308 1260; x_wconf 84' lang='lat' dir='ltr'>reformatio</span> <span class='ocrx_word' id='word_1_72' title='bbox 326 1212 357 1257; x_wconf 83' lang='lat' dir='ltr'>ad</span> <span class='ocrx_word' id='word_1_73' title='bbox 376 1228 429 1257; x_wconf 89' lang='lat' dir='ltr'>eum</span> <span class='ocrx_word' id='word_1_74' title='bbox 448 1214 532 1257; x_wconf 84' lang='lat' dir='ltr'>exitum</span> <span class='ocrx_word' id='word_1_75' title='bbox 549 1212 647 1272; x_wconf 87' lang='lat' dir='ltr'>perduoi</span> <span class='ocrx_word' id='word_1_76' title='bbox 665 1227 711 1257; x_wconf 90' lang='lat' dir='ltr'>non</span> <span class='ocrx_word' id='word_1_77' title='bbox 733 1219 815 1273; x_wconf 84' lang='lat' dir='ltr'>potest,</span> 
     </span>
     <span class='ocr_line' id='line_1_12' title="bbox 26 1316 816 1380; baseline 0.003 -18"><span class='ocrx_word' id='word_1_78' title='bbox 26 1317 56 1362; x_wconf 89' lang='lat' dir='ltr'>ad</span> <span class='ocrx_word' id='word_1_79' title='bbox 79 1333 148 1377; x_wconf 91' lang='lat' dir='ltr'>quem</span> <span class='ocrx_word' id='word_1_80' title='bbox 170 1318 283 1380; x_wconf 86' lang='lat' dir='ltr'>perducta</span> <span class='ocrx_word' id='word_1_81' title='bbox 303 1316 345 1362; x_wconf 84' lang='lat' dir='ltr'>illa</span> <span class='ocrx_word' id='word_1_82' title='bbox 362 1332 408 1362; x_wconf 94' lang='lat' dir='ltr'>non</span> <span class='ocrx_word' id='word_1_83' title='bbox 432 1316 507 1362; x_wconf 85' lang='lat' dir='ltr'>solum</span> <span class='ocrx_word' id='word_1_84' title='bbox 531 1317 642 1364; x_wconf 85' lang='lat' dir='ltr'>ecclesiae</span> <span class='ocrx_word' id='word_1_85' title='bbox 663 1317 749 1363; x_wconf 84' lang='lat' dir='ltr'>irarum</span> <span class='ocrx_word' id='word_1_86' title='bbox 769 1318 816 1364; x_wconf 87' lang='lat' dir='ltr'>vim</span> 
     </span>
     <span class='ocr_line' id='line_1_13' title="bbox 25 1420 815 1482; baseline 0 -16"><span class='ocrx_word' id='word_1_87' title='bbox 25 1421 144 1479; x_wconf 83' lang='lat' dir='ltr'>sustineat,</span> <span class='ocrx_word' id='word_1_88' title='bbox 173 1438 252 1468; x_wconf 87' lang='lat' dir='ltr'>verum</span> <span class='ocrx_word' id='word_1_89' title='bbox 280 1422 347 1466; x_wconf 90' lang='lat' dir='ltr'>etiam</span> <span class='ocrx_word' id='word_1_90' title='bbox 371 1421 454 1480; x_wconf 84' lang='lat' dir='ltr'>cuique</span> <span class='ocrx_word' id='word_1_91' title='bbox 480 1422 605 1467; x_wconf 84' lang='lat' dir='ltr'>modestius</span> <span class='ocrx_word' id='word_1_92' title='bbox 630 1420 815 1482; x_wconf 85' lang='lat' dir='ltr'>philosophandi</span> 
     </span>
     <span class='ocr_line' id='line_1_14' title="bbox 25 1525 814 1588; baseline 0.003 -18"><span class='ocrx_word' id='word_1_93' title='bbox 25 1527 107 1571; x_wconf 86' lang='lat' dir='ltr'>rationi</span> <span class='ocrx_word' id='word_1_94' title='bbox 122 1527 245 1588; x_wconf 85' lang='lat' dir='ltr'>probetur,</span> <span class='ocrx_word' id='word_1_95' title='bbox 263 1532 332 1585; x_wconf 86' lang='lat' dir='ltr'>atque</span> <span class='ocrx_word' id='word_1_96' title='bbox 346 1525 405 1570; x_wconf 87' lang='lat' dir='ltr'>adeo</span> <span class='ocrx_word' id='word_1_97' title='bbox 423 1525 565 1571; x_wconf 88' lang='lat' dir='ltr'>institutionis</span> <span class='ocrx_word' id='word_1_98' title='bbox 584 1542 597 1570; x_wconf 89' lang='lat' dir='ltr'>a</span> <span class='ocrx_word' id='word_1_99' title='bbox 612 1525 704 1572; x_wconf 86' lang='lat' dir='ltr'>Christo</span> <span class='ocrx_word' id='word_1_100' title='bbox 728 1541 814 1587; x_wconf 87' lang='lat' dir='ltr'>aecep-</span> 
     </span>
     <span class='ocr_line' id='line_1_15' title="bbox 24 1627 813 1689; baseline 0.003 -16"><span class='ocrx_word' id='word_1_101' title='bbox 24 1634 62 1673; x_wconf 87' lang='lat' dir='ltr'>tae</span> <span class='ocrx_word' id='word_1_102' title='bbox 75 1629 225 1674; x_wconf 87' lang='lat' dir='ltr'>indelebilem</span> <span class='ocrx_word' id='word_1_103' title='bbox 241 1627 398 1675; x_wconf 85' lang='lat' dir='ltr'>characterem</span> <span class='ocrx_word' id='word_1_104' title='bbox 412 1629 497 1673; x_wconf 87' lang='lat' dir='ltr'>reterat</span> <span class='ocrx_word' id='word_1_105' title='bbox 514 1636 537 1674; x_wconf 92' lang='lat' dir='ltr'>et</span> <span class='ocrx_word' id='word_1_106' title='bbox 552 1629 615 1688; x_wconf 86' lang='lat' dir='ltr'>quasi</span> <span class='ocrx_word' id='word_1_107' title='bbox 628 1634 725 1689; x_wconf 89' lang='lat' dir='ltr'>repetat.</span> <span class='ocrx_word' id='word_1_108' title='bbox 752 1629 813 1676; x_wconf 90' lang='lat' dir='ltr'>Dico</span> 
     </span>
     <span class='ocr_line' id='line_1_16' title="bbox 23 1730 813 1795; baseline 0.005 -20"><span class='ocrx_word' id='word_1_109' title='bbox 23 1731 99 1791; x_wconf 80' lang='lat' dir='ltr'>illam,</span> <span class='ocrx_word' id='word_1_110' title='bbox 125 1733 149 1777; x_wconf 88' lang='lat' dir='ltr'>in</span> <span class='ocrx_word' id='word_1_111' title='bbox 174 1748 219 1794; x_wconf 83' lang='lat' dir='ltr'>qua</span> <span class='ocrx_word' id='word_1_112' title='bbox 240 1730 307 1778; x_wconf 84' lang='lat' dir='ltr'>huius</span> <span class='ocrx_word' id='word_1_113' title='bbox 331 1731 447 1795; x_wconf 83' lang='lat' dir='ltr'>religionis</span> <span class='ocrx_word' id='word_1_114' title='bbox 469 1732 558 1778; x_wconf 85' lang='lat' dir='ltr'>infinita</span> <span class='ocrx_word' id='word_1_115' title='bbox 582 1738 683 1794; x_wconf 86' lang='lat' dir='ltr'>potestas</span> <span class='ocrx_word' id='word_1_116' title='bbox 706 1734 813 1793; x_wconf 82' lang='lat' dir='ltr'>consistit,</span> 
     </span>
     <span class='ocr_line' id='line_1_17' title="bbox 25 1837 814 1897; baseline 0.004 -16"><span class='ocrx_word' id='word_1_117' title='bbox 25 1837 116 1883; x_wconf 85' lang='lat' dir='ltr'>ethicae</span> <span class='ocrx_word' id='word_1_118' title='bbox 139 1837 260 1882; x_wconf 89' lang='lat' dir='ltr'>hominum</span> <span class='ocrx_word' id='word_1_119' title='bbox 281 1842 374 1883; x_wconf 86' lang='lat' dir='ltr'>naturae</span> <span class='ocrx_word' id='word_1_120' title='bbox 395 1839 558 1895; x_wconf 81' lang='lat' dir='ltr'>imitationem,</span> <span class='ocrx_word' id='word_1_121' title='bbox 580 1854 650 1897; x_wconf 87' lang='lat' dir='ltr'>quae,</span> <span class='ocrx_word' id='word_1_122' title='bbox 672 1839 730 1883; x_wconf 78' lang='lat' dir='ltr'>alia</span> <span class='ocrx_word' id='word_1_123' title='bbox 750 1846 814 1885; x_wconf 90' lang='lat' dir='ltr'>arte</span> 
     </span>
     <span class='ocr_line' id='line_1_18' title="bbox 23 1926 813 2003; baseline 0.005 -17"><span class='ocrx_word' id='word_1_124' title='bbox 23 1940 106 1988; x_wconf 77' lang='lat' dir='ltr'>nullai</span> <span class='ocrx_word' id='word_1_125' title='bbox 125 1941 319 2003; x_wconf 63' lang='lat' dir='ltr'>interpositi,</span> <span class='ocrx_word' id='word_1_126' title='bbox 342 1926 459 1990; x_wconf 78' lang='lat' dir='ltr'>advitam</span> <span class='ocrx_word' id='word_1_127' title='bbox 478 1952 612 1991; x_wconf 84' lang='lat' dir='ltr'>cunctorum</span> <span class='ocrx_word' id='word_1_128' title='bbox 635 1942 754 1989; x_wconf 89' lang='lat' dir='ltr'>homiuum</span> <span class='ocrx_word' id='word_1_129' title='bbox 771 1961 813 1990; x_wconf 83' lang='lat' dir='ltr'>va-</span> 
     </span>
     <span class='ocr_line' id='line_1_19' title="bbox 23 2044 811 2111; baseline 0.006 -21"><span class='ocrx_word' id='word_1_130' title='bbox 23 2046 71 2092; x_wconf 93' lang='lat' dir='ltr'>lere</span> <span class='ocrx_word' id='word_1_131' title='bbox 87 2044 299 2108; x_wconf 82' lang='lat' dir='ltr'>humanitatemque</span> <span class='ocrx_word' id='word_1_132' title='bbox 316 2048 405 2111; x_wconf 82' lang='lat' dir='ltr'>fingere</span> <span class='ocrx_word' id='word_1_133' title='bbox 422 2052 506 2109; x_wconf 82' lang='lat' dir='ltr'>potest.</span> <span class='ocrx_word' id='word_1_134' title='bbox 523 2076 559 2084; x_wconf 88' lang='lat'>—</span> <span class='ocrx_word' id='word_1_135' title='bbox 576 2049 652 2095; x_wconf 87' lang='lat' dir='ltr'>Velim</span> <span class='ocrx_word' id='word_1_136' title='bbox 664 2048 725 2095; x_wconf 86' lang='lat' dir='ltr'>haee</span> <span class='ocrx_word' id='word_1_137' title='bbox 741 2054 764 2094; x_wconf 90' lang='lat' dir='ltr'>et</span> <span class='ocrx_word' id='word_1_138' title='bbox 781 2049 811 2095; x_wconf 87' lang='lat' dir='ltr'>ab</span> 
     </span>
     <span class='ocr_line' id='line_1_20' title="bbox 21 2149 811 2213; baseline 0.004 -18"><span class='ocrx_word' id='word_1_139' title='bbox 21 2149 175 2196; x_wconf 86' lang='lat' dir='ltr'>Hermesianis</span> <span class='ocrx_word' id='word_1_140' title='bbox 193 2161 216 2198; x_wconf 85' lang='lat' dir='ltr'>et</span> <span class='ocrx_word' id='word_1_141' title='bbox 232 2154 261 2198; x_wconf 88' lang='lat' dir='ltr'>ab</span> <span class='ocrx_word' id='word_1_142' title='bbox 281 2153 415 2200; x_wconf 85' lang='lat' dir='ltr'>adversariis</span> <span class='ocrx_word' id='word_1_143' title='bbox 431 2153 517 2199; x_wconf 90' lang='lat' dir='ltr'>horum</span> <span class='ocrx_word' id='word_1_144' title='bbox 535 2169 563 2200; x_wconf 86' lang='lat' dir='ltr'>eo</span> <span class='ocrx_word' id='word_1_145' title='bbox 582 2154 657 2199; x_wconf 88' lang='lat' dir='ltr'>animo</span> <span class='ocrx_word' id='word_1_146' title='bbox 675 2151 762 2213; x_wconf 85' lang='lat' dir='ltr'>accipi,</span> <span class='ocrx_word' id='word_1_147' title='bbox 785 2159 811 2198; x_wconf 90' lang='lat' dir='ltr'>ut</span> 
     </span>
     <span class='ocr_line' id='line_1_21' title="bbox 23 2255 811 2320; baseline 0.009 -22"><span class='ocrx_word' id='word_1_148' title='bbox 23 2255 125 2313; x_wconf 87' lang='lat' dir='ltr'>sentiant,</span> <span class='ocrx_word' id='word_1_149' title='bbox 141 2272 179 2302; x_wconf 91' lang='lat' dir='ltr'>me</span> <span class='ocrx_word' id='word_1_150' title='bbox 193 2259 218 2303; x_wconf 90' lang='lat' dir='ltr'>in</span> <span class='ocrx_word' id='word_1_151' title='bbox 234 2258 354 2304; x_wconf 86' lang='lat' dir='ltr'>scribendo</span> <span class='ocrx_word' id='word_1_152' title='bbox 373 2259 403 2305; x_wconf 87' lang='lat' dir='ltr'>de</span> <span class='ocrx_word' id='word_1_153' title='bbox 420 2258 563 2307; x_wconf 68' lang='lat' dir='ltr'>hermesiantr</span> <span class='ocrx_word' id='word_1_154' title='bbox 580 2259 647 2306; x_wconf 72' lang='lat' dir='ltr'>causis</span> <span class='ocrx_word' id='word_1_155' title='bbox 664 2257 722 2304; x_wconf 88' lang='lat' dir='ltr'>illud</span> <span class='ocrx_word' id='word_1_156' title='bbox 740 2274 811 2320; x_wconf 87' lang='lat' dir='ltr'>prae-</span> 
     </span>
     <span class='ocr_line' id='line_1_22' title="bbox 23 2357 810 2425; baseline 0.013 -25"><span class='ocrx_word' id='word_1_157' title='bbox 23 2357 90 2417; x_wconf 86' lang='lat' dir='ltr'>cipue</span> <span class='ocrx_word' id='word_1_158' title='bbox 106 2358 175 2405; x_wconf 86' lang='lat' dir='ltr'>fuisse</span> <span class='ocrx_word' id='word_1_159' title='bbox 192 2366 309 2423; x_wconf 84' lang='lat' dir='ltr'>sectatum,</span> <span class='ocrx_word' id='word_1_160' title='bbox 327 2363 391 2423; x_wconf 81' lang='lat' dir='ltr'>quod</span> <span class='ocrx_word' id='word_1_161' title='bbox 409 2363 570 2410; x_wconf 85' lang='lat' dir='ltr'>cunctisnobis</span> <span class='ocrx_word' id='word_1_162' title='bbox 584 2368 690 2425; x_wconf 84' lang='lat' dir='ltr'>argueret</span> <span class='ocrx_word' id='word_1_163' title='bbox 702 2377 810 2410; x_wconf 90' lang='lat' dir='ltr'>eommu-</span> 
     </span>
     <span class='ocr_line' id='line_1_23' title="bbox 21 2461 808 2530; baseline 0.011 -26"><span class='ocrx_word' id='word_1_164' title='bbox 21 2476 74 2506; x_wconf 88' lang='lat' dir='ltr'>nem</span> <span class='ocrx_word' id='word_1_165' title='bbox 92 2461 207 2520; x_wconf 87' lang='lat' dir='ltr'>quandam</span> <span class='ocrx_word' id='word_1_166' title='bbox 225 2479 317 2511; x_wconf 84' lang='lat' dir='ltr'>causam</span> <span class='ocrx_word' id='word_1_167' title='bbox 335 2469 451 2514; x_wconf 87' lang='lat' dir='ltr'>communi</span> <span class='ocrx_word' id='word_1_168' title='bbox 468 2468 542 2513; x_wconf 85' lang='lat' dir='ltr'>studio</span> <span class='ocrx_word' id='word_1_169' title='bbox 558 2466 674 2529; x_wconf 83' lang='lat' dir='ltr'>agendam</span> <span class='ocrx_word' id='word_1_170' title='bbox 683 2484 808 2530; x_wconf 85' lang='lat' dir='ltr'>superesse.</span> 
     </span>
     <span class='ocr_line' id='line_1_24' title="bbox 22 2564 808 2633; baseline 0.015 -24"><span class='ocrx_word' id='word_1_171' title='bbox 22 2564 194 2611; x_wconf 86' lang='lat' dir='ltr'>Meminerimus</span> <span class='ocrx_word' id='word_1_172' title='bbox 211 2566 308 2612; x_wconf 87' lang='lat' dir='ltr'>invicem</span> <span class='ocrx_word' id='word_1_173' title='bbox 326 2572 385 2629; x_wconf 89' lang='lat' dir='ltr'>eius,</span> <span class='ocrx_word' id='word_1_174' title='bbox 403 2573 468 2632; x_wconf 77' lang='lat' dir='ltr'>quoti</span> <span class='ocrx_word' id='word_1_175' title='bbox 486 2571 549 2632; x_wconf 85' lang='lat' dir='ltr'>apud</span> <span class='ocrx_word' id='word_1_176' title='bbox 566 2571 658 2633; x_wconf 84' lang='lat' dir='ltr'>Pascal,</span> <span class='ocrx_word' id='word_1_177' title='bbox 676 2576 808 2621; x_wconf 84' lang='lat' dir='ltr'>immortalis</span> 
     </span>
     <span class='ocr_line' id='line_1_25' title="bbox 21 2670 806 2741; baseline 0.013 -26"><span class='ocrx_word' id='word_1_178' title='bbox 21 2670 145 2717; x_wconf 90' lang='lat' dir='ltr'>memoriae</span> <span class='ocrx_word' id='word_1_179' title='bbox 153 2670 234 2732; x_wconf 86' lang='lat' dir='ltr'>virum,</span> <span class='ocrx_word' id='word_1_180' title='bbox 251 2678 295 2717; x_wconf 86' lang='lat' dir='ltr'>est:</span> <span class='ocrx_word' id='word_1_181' title='bbox 312 2674 377 2719; x_wconf 84' lang='lat' dir='ltr'>Nous</span> <span class='ocrx_word' id='word_1_182' title='bbox 394 2691 463 2721; x_wconf 84' lang='lat' dir='ltr'>avons</span> <span class='ocrx_word' id='word_1_183' title='bbox 477 2691 521 2721; x_wconf 91' lang='lat' dir='ltr'>une</span> <span class='ocrx_word' id='word_1_184' title='bbox 535 2676 688 2737; x_wconf 84' lang='lat' dir='ltr'>impuissance</span> <span class='ocrx_word' id='word_1_185' title='bbox 706 2681 719 2725; x_wconf 76' lang='grc' dir='ltr'>Ξι</span> <span class='ocrx_word' id='word_1_186' title='bbox 736 2695 806 2741; x_wconf 89' lang='lat' dir='ltr'>prou-</span> 
     </span>
     <span class='ocr_line' id='line_1_26' title="bbox 21 2774 806 2842; baseline 0.011 -22"><span class='ocrx_word' id='word_1_187' title='bbox 21 2790 60 2821; x_wconf 86' lang='lat' dir='ltr'>ver</span> <span class='ocrx_word' id='word_1_188' title='bbox 75 2774 195 2823; x_wconf 85' lang='lat' dir='ltr'>invincible</span> <span class='ocrx_word' id='word_1_189' title='bbox 210 2777 223 2822; x_wconf 82' lang='lat' dir='ltr'>ai</span> <span class='ocrx_word' id='word_1_190' title='bbox 240 2781 291 2824; x_wconf 88' lang='lat' dir='ltr'>tout</span> <span class='ocrx_word' id='word_1_191' title='bbox 308 2777 331 2823; x_wconf 91' lang='lat' dir='ltr'>le</span> <span class='ocrx_word' id='word_1_192' title='bbox 347 2778 512 2842; x_wconf 81' lang='lat' dir='ltr'>dogmatisme3</span> <span class='ocrx_word' id='word_1_193' title='bbox 530 2782 587 2828; x_wconf 88' lang='lat' dir='ltr'>mais</span> <span class='ocrx_word' id='word_1_194' title='bbox 604 2799 661 2830; x_wconf 89' lang='lat' dir='ltr'>nous</span> <span class='ocrx_word' id='word_1_195' title='bbox 676 2799 743 2830; x_wconf 82' lang='lat' dir='ltr'>avons</span> <span class='ocrx_word' id='word_1_196' title='bbox 761 2797 806 2829; x_wconf 89' lang='lat' dir='ltr'>une</span> 
     </span>
    </p>
   </div>
   <div class='ocr_carea' id='block_1_7' title="bbox 21 2880 706 2951">
    <p class='ocr_par' dir='ltr' id='par_1_7' title="bbox 21 2880 706 2951">
     <span class='ocr_line' id='line_1_27' title="bbox 21 2880 706 2951; baseline 0.01 -26"><span class='ocrx_word' id='word_1_197' title='bbox 21 2880 74 2929; x_wconf 74' lang='lat' dir='ltr'>idee</span> <span class='ocrx_word' id='word_1_198' title='bbox 92 2883 122 2929; x_wconf 80' lang='lat' dir='ltr'>de</span> <span class='ocrx_word' id='word_1_199' title='bbox 140 2884 163 2929; x_wconf 88' lang='lat' dir='ltr'>la</span> <span class='ocrx_word' id='word_1_200' title='bbox 178 2880 248 2931; x_wconf 72' lang='lat' dir='ltr'>verite</span> <span class='ocrx_word' id='word_1_201' title='bbox 265 2883 386 2932; x_wconf 88' lang='lat' dir='ltr'>invincible</span> <span class='ocrx_word' id='word_1_202' title='bbox 403 2880 417 2932; x_wconf 80' lang='lat' dir='ltr'>ai</span> <span class='ocrx_word' id='word_1_203' title='bbox 434 2890 485 2933; x_wconf 86' lang='lat' dir='ltr'>tout</span> <span class='ocrx_word' id='word_1_204' title='bbox 501 2887 524 2934; x_wconf 92' lang='lat' dir='ltr'>le</span> <span class='ocrx_word' id='word_1_205' title='bbox 541 2889 706 2951; x_wconf 82' lang='lat' dir='ltr'>pyrrhonisme.</span> 
     </span>
    </p>
   </div>
   <div class='ocr_carea' id='block_1_8' title="bbox 0 0 870 3169">
    <p class='ocr_par' dir='ltr' id='par_1_8' title="bbox 0 0 870 3169">
     <span class='ocr_line' id='line_1_28' title="bbox 0 0 870 3169; baseline 0 2"><span class='ocrx_word' id='word_1_206' title='bbox 0 0 870 3169; x_wconf 95' lang='lat' dir='ltr'> </span> 
     </span>
    </p>
   </div>
  </div>
 </body>
</html>
