1732 3169
54 156 87 203 16
217 160 324 214 Praefatio
342 159 469 213 quaestionis
487 159 604 201 urriucrsnc.
627 158 645 215 §
660 157 686 202 3,

53 302 105 334 curu
123 286 198 330 ruente
212 278 321 337 humanat,
343 279 420 340 itaque
438 295 491 327 cunr
506 281 650 328 universitate
668 280 834 344 principiorum

52 352 205 417 cognoscendi
222 366 308 399 verum.
339 352 362 396 'l'
368 352 390 396 ri
396 354 508 414 partita
525 358 559 397 est
576 353 732 411 quaestionum
750 352 837 398 divisio.
852 373 854 375 ·

50 426 164 472 Primae
189 421 339 481 quaestionis,
367 423 390 467 in
417 437 462 482 qua
483 438 547 468 mens
568 421 670 468 humana
692 424 837 485 semetipsam

51 493 224 549 examinaverit,
244 493 315 539 exitus
332 492 372 540 hic
392 493 445 539 erit:
469 493 559 556 Logica
576 494 708 550 necessitas,
726 509 786 553 quae
805 500 837 539 cst

49 565 140 612 uberius
158 564 287 624 certiusque
311 565 359 610 veri
379 558 500 627 κριτήριον
522 580 591 625 quam
616 563 692 610 ethica
709 565 836 622 necessitas,

41 635 175 683 ,ostenderit
191 636 331 696 principium
350 643 372 681 et
389 637 516 696 terminum,
535 652 593 697 quae
610 636 687 697 posita
703 635 746 679 sint
762 635 833 682 facul-

48 708 90 753 tati
106 706 187 752 mentis
204 707 227 751 in
246 707 410 768 cognoscendo
423 722 487 754 vero.
523 706 675 754 Secundae
693 706 837 766 quaestionis,

49 779 71 824 in
89 792 134 837 qua
149 792 213 824 meus
230 777 406 823 fundamentum
424 778 513 823 divinae
531 784 554 824 et
571 777 685 823 humanae
704 777 737 821 rei
754 778 837 838 explo-

50 848 144 906 raverit,
162 847 202 894 hic
221 848 263 893 erit
281 848 360 906 exituS,
380 854 406 893 ut
423 848 470 893 duo
489 849 542 893 illos
558 848 628 906 locos,
646 848 764 907 inquibus
782 862 837 893 nuru

50 920 77 966 sit
94 918 150 963 deus
169 925 192 963 et
207 933 266 977 quae
284 919 312 963 sit
329 917 396 963 huius
411 925 489 963 natura
503 919 626 979 quaeritur,
643 919 687 980 ipsi
704 918 774 964 menti
792 934 836 979 pa-

50 996 98 1036 tere
119 994 236 1049 appareat.
277 988 403 1034 Tertiae
426 990 575 1049 quaestionis,
603 989 627 1033 in
650 1004 696 1049 qua
717 1004 781 1033 mens
804 987 835 1033 ad

50 1060 149 1122 singulas
165 1075 200 1105 res
218 1059 305 1106 divinas
323 1060 382 1104 ultra
398 1060 497 1105 nativum
513 1060 634 1105 terminum
652 1060 705 1104 sitas
723 1074 835 1119 pervene-

50 1131 90 1190 rit,
108 1130 195 1191 duplex
212 1129 273 1177 haec
291 1129 334 1174 crit
350 1129 414 1178 ratio.
441 1130 509 1175 Mens
526 1135 619 1191 promta
638 1130 679 1174 erit
696 1129 725 1173 ad
738 1145 836 1188 sequen-

51 1201 105 1246 dam
120 1200 206 1246 abhinc
223 1200 307 1246 ducem
325 1200 424 1245 divinam
441 1206 552 1257 mentem,
571 1215 630 1259 quae
647 1199 670 1243 in
688 1199 779 1245 Christo
797 1214 837 1244 ex-

52 1272 108 1317 stitit
124 1270 255 1316 hominibus
272 1270 397 1318 manifeste.
414 1271 475 1316 Num
493 1272 646 1317 necessitatem
663 1269 730 1315 huius
746 1270 837 1315 intelle-

51 1342 90 1398 xit,
108 1341 182 1386 douec
200 1340 294 1403 propriai
309 1341 348 1387 suh
362 1342 384 1386 vi
401 1356 449 1387 rem
468 1343 569 1402 gerebat..
588 1340 677 1386 Eadem
694 1355 749 1385 vero
768 1341 836 1385 etiam

50 1412 74 1456 iu
91 1411 240 1472 intelligentiis
258 1411 396 1458 collocatam
413 1412 485 1457 fidem
503 1413 606 1458 omnibus
620 1411 646 1456 iis
663 1410 767 1468 habebit,
785 1412 836 1470 qui-

50 1483 93 1527 bus
118 1482 201 1528 viderit
222 1482 324 1542 suppleri
350 1498 363 1526 a
389 1481 465 1527 divine
487 1489 563 1528 mente
581 1482 705 1526 humanam
727 1488 834 1526 mentem.

50 1553 110 1598 Nam
127 1552 151 1596 in
168 1552 216 1607 his,
235 1568 295 1611 quae
309 1552 384 1613 potuit
401 1550 450 1613 ipsa
467 1551 692 1610 iuvenire,·illorum,
712 1567 771 1611 quae
789 1566 835 1597 nou

49 1624 136 1684 potuit,
151 1622 305 1668 necessitatem
324 1624 439 1683 cognovit,

102 1694 169 1740 Haec
184 1691 401 1753 philosophicorum
418 1692 553 1754 theologiae
571 1691 723 1738 subsidiorum
735 1706 835 1752 praepa-

50 1763 107 1808 ratio
125 1763 245 1824 primum
263 1769 413 1809 consentanea
429 1770 462 1809 est
480 1763 665 1809 christianae
683 1778 711 1808 ac
729 1761 835 1807 catho-

50 1834 131 1878 licae
146 1832 288 1894 theologiae.
325 1834 384 1878 Nam
401 1833 480 1878 tribuit
496 1834 611 1879 humanae
628 1833 699 1877 menti
716 1833 795 1877 locum
812 1832 835 1876 in

51 1903 241 1964 cognoscentibus
249 1903 344 1963 quidem
353 1903 468 1963 principiis
479 1919 623 1964 supremum,
638 1904 662 1947 in
679 1901 836 1965 cognoscendi

50 1988 105 2018 vero
123 1972 240 2034 principiis
258 1973 353 2019 nullum.
389 1973 480 2018 Exitum
497 1974 559 2020 huuc
576 1973 668 2028 habuit,
686 1979 711 2017 ut
729 1971 794 2033 gestd
808 1987 835 2016 re

50 2042 100 2104 ipsi
124 2043 255 2088 ostenderit:
283 2042 438 2104 philosophos
460 2049 483 2087 et
503 2059 572 2104 posse
595 2049 618 2088 et
640 2048 748 2102 oportere
771 2041 835 2103 apud

51 2113 169 2160 Christum
191 2118 214 2159 et
235 2112 303 2159 huius
321 2113 468 2174 interpretem
498 2113 618 2161 ecclesiam
645 2112 736 2156 nomina
760 2112 835 2173 profi-

50 2185 102 2238 teri;
123 2183 298 2245 philosophiam
322 2189 345 2228 et
367 2183 513 2244 theologiam
537 2184 648 2229 coaluisse
667 2182 743 2241 potius
765 2197 835 2241 quam

50 2254 145 2300 invicem
165 2270 280 2316 pugnare;
302 2253 410 2315 pietatem
435 2261 457 2298 et
476 2253 619 2299 honestatem
641 2252 685 2296 unta
707 2266 760 2296 cum
786 2252 834 2297 fide

51 2324 120 2369 robur
137 2327 217 2371 mentis
230 2325 364 2370 assumsisse.
385 2349 421 2358 -
440 2325 517 2383 Atque
542 2324 609 2370 etiam
627 2321 775 2367 vehementer
792 2338 835 2367 ne-

52 2395 145 2440 cessaria
165 2402 198 2442 est
226 2396 267 2441 illa
288 2395 447 2456 praeparatio,
476 2392 563 2456 quippe
585 2393 630 2456 qud
652 2393 701 2438 solat
724 2392 835 2453 fugantur·

52 2465 138 2510 somnia
155 2471 177 2510 et
194 2466 357 2527 propulsantur
373 2462 835 2527 incursationesmalephilosophantium.

50 2533 187 2580 Monstravit
209 2536 256 2584 hoc
277 2542 325 2581 tum
348 2535 388 2580 illa
406 2534 593 2597 theologicorum
613 2543 635 2582 et
652 2531 833 2594 philosophico-

49 2620 102 2650 rum
118 2606 237 2665 cognatio,
262 2612 311 2652 tum
335 2605 403 2652 huius
425 2607 557 2667 praesertim
574 2605 653 2652 aetatis
672 2602 780 2649 conditio.
798 2627 834 2635 -

49 2673 168 2721 Deinde
188 2675 238 2734 ipsa
259 2676 282 2720 in
303 2676 352 2723 hoc
371 2676 430 2722 libro
448 2679 568 2738 proposita
592 2671 834 2737 philosophandi

49 2745 139 2801 ratio,
164 2743 251 2802 inquo
270 2746 299 2790 ab
322 2746 366 2791 atis
384 2746 520 2807 quotcunque
537 2747 684 2800 discernitur,
708 2741 791 2787 eodem
812 2746 834 2785 et

50 2816 98 2861 sola
116 2823 139 2861 et
156 2828 250 2876 prorsus
266 2814 351 2860 idonea
369 2822 401 2861 est
420 2817 450 2862 ad
463 2816 673 2878 metaphysicorum
691 2810 834 2871 quaestiones

50 2884 213 2932 dissolvendas.
248 2882 345 2943 Aperuit
362 2887 429 2942 viam,
448 2904 494 2947 qua
511 2887 607 2932 universi
622 2882 726 2930 homines
745 2879 775 2923 ad
793 2895 835 2924 ve-

51 2967 100 2998 ram
113 2962 135 3001 et
152 2961 239 3004 certam
258 2959 281 3000 et
298 2968 366 3000 uuam
384 2959 515 3003 sententiam
533 2958 564 3002 de
581 2957 660 3004 divinis
682 2949 834 3009 humanisque
