1732 3169
254 195 289 237 De
303 195 424 237 theoreticis
442 197 464 235 et
478 192 588 249 practicis.
781 181 816 228 ll

26 321 127 375 sianum,
145 330 201 375 quas
218 314 241 359 in
256 316 394 363 seinvicem
410 317 497 362 faciunt
519 314 659 375 simplicium
681 310 817 360 substautia-

26 405 77 436 rum
96 386 279 433 concursationes
297 393 320 431 et
335 388 512 447 complexiones,
548 386 616 442 Quae
631 384 688 429 duur
706 382 816 431 continuo

25 461 94 514 fiunt,
117 455 163 501 uni
184 470 237 500 cunr
258 457 337 501 formis
355 473 432 503 rerum
451 457 558 504 continuo
577 454 688 501 eiusmodi
711 453 769 514 quid
791 453 816 498 in

26 528 127 575 modium
145 527 223 571 locum
240 527 362 587 proferunt
383 533 405 572 et
416 532 540 582 ostentant,
556 526 620 584 quod
632 525 754 570 multitudo
766 523 815 568 ho-

24 601 111 645 minum
130 596 230 640 animam
246 601 269 641 et
285 597 389 641 notiones
406 597 436 641 ab
454 595 501 641 hac
516 596 602 640 effictas
618 595 738 656 appellare
756 609 814 641 con-

26 669 104 715 suevit.
139 667 185 711 Ista
211 680 265 710 vero
289 666 364 710 anima
381 667 431 727 ipsa
446 666 553 712 continuo
571 666 607 717 fit3
629 681 675 710 non
690 664 813 711 efficiendo

26 744 65 784 aut
89 735 233 782 moderando
254 736 312 780 illud
336 737 399 795 quod
421 736 460 791 fit,
488 736 529 782 sed
558 735 664 781 adversus
686 735 814 780 monadum

24 808 256 869 coagmentationem,
274 821 320 865 qua
329 806 394 864 quod
404 821 458 851 vere
470 807 497 850 fir
513 812 586 850 toturn
601 805 812 865 comprehenditur,

24 876 168 924 consistendo
191 882 214 920 et
238 890 303 920 suum
320 876 398 922 locum
419 875 526 932 tenendo,
546 876 601 923 hinc
616 875 712 921 eandem
729 891 813 920 mona-

24 948 79 992 dum
97 947 143 990 vim
159 952 182 990 et
200 945 340 1005 experiendo
351 952 374 990 et
383 947 540 1006 inspectando.
560 944 717 992 Obversantur
734 950 812 990 autem

27 1018 129 1072 animae,
153 1016 261 1062 nescienti
279 1016 385 1076 quidem,
408 1017 470 1061 uude
487 1016 535 1062 hoc
547 1016 578 1061 ita
598 1017 637 1072 sit,
656 1017 715 1060 inter
732 1030 812 1060 mona·

23 1086 78 1131 duur
101 1087 312 1147 coagmentationes
334 1087 403 1132 etiam
419 1087 486 1132 ideae
502 1093 524 1131 et
541 1100 635 1131 normae
652 1085 767 1144 quaedam
781 1085 812 1130 de

22 1157 61 1211 iis,
83 1171 143 1214 quae
163 1156 281 1216 inspectat,
301 1156 425 1203 iudicandi.
460 1156 515 1212 Quo
534 1172 589 1201 num
612 1155 669 1214 quid
690 1156 714 1199 in
735 1170 812 1200 rerum

25 1240 141 1286 compage
159 1226 245 1271 efficiat
260 1227 347 1283 anima,
370 1241 418 1271 uon
435 1225 514 1286 liquet.
549 1226 593 1270 llla
615 1224 723 1283 quidem,
741 1239 812 1283 quarn

20 1296 132 1339 voluntari
159 1295 275 1341 humanae
303 1301 452 1356 arrogarunt,
486 1294 687 1341 transcendentalis
719 1294 812 1339 libertas

20 1364 87 1410 inane
105 1372 260 1410 commentum
278 1372 317 1411 est.
353 1366 438 1412 Elhica
450 1381 485 1410 ars
504 1382 517 1410 a
530 1365 627 1425 physici
640 1370 688 1409 arte
703 1362 750 1410 hoe
765 1378 811 1408 uno

23 1433 169 1493 discernitur,
187 1436 251 1494 quod
270 1436 345 1480 anima
364 1437 432 1481 etiam
449 1435 536 1483 iudicat
551 1435 582 1481 de
599 1436 637 1490 iis,
655 1449 715 1500 quae
732 1433 811 1494 inspe-

20 1510 73 1551 ctat.
109 1504 172 1550 Hine
195 1505 236 1549 illa
260 1511 293 1550 est
312 1505 437 1551 aesthetica
454 1506 530 1566 potius
549 1504 696 1565 appellanda.
732 1505 811 1562 Atque

20 1574 88 1617 etiarn
106 1573 244 1619 collocanda
259 1574 335 1633 primo
352 1577 454 1619 omniurn
470 1581 503 1619 est
524 1575 547 1618 in
564 1573 643 1619 statice
664 1572 810 1619 mechanicis-

19 1658 65 1700 que
73 1642 170 1687 animam
180 1644 337 1704 cognoscendi
350 1651 404 1689 arte.
422 1642 644 1705 Haucpsyehologi,
654 1642 766 1702 siquando
778 1642 809 1688 ad

19 1711 139 1756 meliorem
160 1712 260 1774 frugem·
278 1713 398 1770 redierint,
423 1714 610 1774 suppeditabunt.
646 1712 687 1758 Sic
709 1712 810 1772 denique

19 1781 120 1826 futurum
138 1782 234 1828 fortasse
253 1789 296 1838 est,
315 1789 340 1827 ut
357 1783 434 1830 ethica
451 1799 505 1830 cum
526 1782 627 1843 physicis
649 1782 810 1844 metaphysice

19 1851 150 1912 conspirent
167 1867 195 1898 ac
214 1853 350 1899 coalescant.

67 1921 177 1981 Aliquam
194 1922 284 1968 videtur
300 1922 361 1969 haec
379 1922 503 1983 disputatio
522 1922 612 1969 hahere
636 1922 809 1969 dubitationem.

20 1990 139 2038 Tractatio
158 1992 251 2052 quidem
268 1993 419 2054 physicorum
442 1999 465 2039 et
483 1992 612 2041 ethicorum
629 1993 752 2054 separatim
769 1994 809 2038 fiat

19 2076 113 2107 necesse
131 2069 171 2109 est.
206 2063 363 2109 Vehementer
381 2070 496 2120 errarunt,
512 2065 551 2123 qui
567 2064 674 2125 physicas
692 2063 808 2122 quaestio-

19 2146 58 2176 nes
64 2146 116 2177 cum
122 2133 203 2180 ethicis
212 2134 243 2179 ita
254 2136 399 2191 miscuerunt,
411 2136 464 2180 utin
475 2135 545 2181 rebus
557 2134 687 2180 abhomine
698 2133 807 2194 gerendis

18 2201 89 2246 inesse
107 2203 240 2249 crederetur
257 2205 359 2266 ipsarum
376 2221 464 2263 rerum,
483 2221 543 2264 quae
560 2206 616 2262 sint,
639 2204 758 2249 manifesta
775 2204 808 2248 si-

17 2271 142 2331 gnificatio.
178 2275 264 2332 Neque
282 2292 309 2321 ea
322 2277 443 2332 sententia,
462 2291 522 2334 quae
542 2292 556 2320 a
575 2274 725 2335 dogmaticis,
744 2274 808 2318 velut

17 2355 31 2383 a
49 2340 146 2387 Platone
164 2349 187 2388 et
203 2343 420 2392 Schleiermaclrero
439 2352 508 2405 atque
526 2361 540 2390 a
557 2344 704 2404 Schellingio
722 2344 808 2390 etHe-

18 2409 93 2469 gello,
111 2410 159 2454 lata
177 2418 210 2456 est
225 2413 256 2458 de
273 2416 351 2459 mutual
366 2415 516 2475 physicorum
531 2420 553 2460 et
567 2413 696 2470 ethicorum
711 2415 808 2472 ratione,

18 2493 111 2523 ornnem
131 2481 218 2525 sustulit
235 2482 316 2528 incerti
332 2485 491 2545 suspicionem.
526 2484 655 2542 Incassum,
673 2490 698 2530 ut
712 2485 743 2530 de
761 2501 808 2530 uuo

18 2563 47 2592 ex
66 2547 102 2592 his
119 2548 203 2606 dicam,
227 2550 453 2601 Schleiermaclrerus
474 2569 542 2599 unam
564 2554 680 2613 quandam
700 2556 807 2602 scientiae

17 2624 97 2674 artem,
118 2618 142 2662 in
160 2618 205 2678 quil
222 2620 319 2680 physica
337 2629 360 2667 et
374 2624 450 2669 ethica
464 2629 573 2683 tauquam
589 2625 730 2687 complicata
747 2627 806 2671 late-

17 2693 81 2745 rent,
107 2688 247 2735 moliendam
265 2689 388 2753 putavitlj.
423 2692 591 2756 Philosophiae
608 2710 665 2743 vero
688 2703 733 2754 est,
759 2708 805 2739 non

61 2823 83 2877 1)
101 2823 286 2867 Schleiermccher:
300 2829 382 2882 System
394 2830 412 2872 d.
425 2831 557 2885 Sittenlehre,
574 2836 623 2890 allg.
634 2834 759 2882 Einlestffllg·
779 2832 805 2869 1¹¹

16 2883 75 2921 vanis
86 2890 155 2922 autem
163 2886 261 2926 sublimia
270 2889 418 2929 somniantium
428 2895 548 2934 commentis
561 2895 607 2948 ipsa
623 2895 661 2932 illa
675 2889 804 2941 dogmatico-

16 2951 63 2978 rurn
77 2945 181 2983 sententia
198 2958 241 2985 non
251 2946 333 2986 videtur
341 2946 437 2989 habenda
454 2965 499 2991 esse
509 2954 535 2992 iis
546 2966 574 2991 ex
582 2953 657 2999 causis,
673 2960 725 3001 quas
736 2950 805 2988 attulit

16 2998 145 3055 Herbartus,
161 3001 348 3061 Metaphysik1.p.
359 3007 490 3054 390—428.
520 3011 614 3063 Principe
623 3005 707 3063 quidem
721 3007 745 3046 in
758 3008 805 3049 10⁰0
