1732 3169
29 193 63 240 38
133 194 276 250 Philosophiae
289 191 395 233 Hermesta·
408 190 461 231 Purs
472 190 490 231 Ι.
505 189 604 241 eruestio
616 190 646 230 lt.
661 167 709 244 §.9‘

31 334 76 365 uno
90 317 137 363 lroo
151 313 279 372 collocavit,
296 310 360 372 quod
378 310 422 372 ipsi
437 308 554 356 humanae
567 311 641 356 menti
656 327 702 357 non
715 312 815 373 probata

30 390 57 434 sit
73 387 131 447 legis
149 384 238 430 ethicae
256 382 391 439 auctoritas,
413 381 456 426 nisi
473 387 562 426 certum
579 380 617 436 sit,
639 396 694 428 vere
711 385 759 429 esse
776 382 814 428 vel

30 457 136 503 exstitisse
153 460 176 501 et
193 453 301 500 continno
320 453 416 500 existere
437 467 514 497 rerum
537 456 560 497 et
576 451 745 499 universitatem
763 469 815 499 eam

29 535 51 573 et
67 524 165 587 singulas
183 524 354 584 complexiones
372 540 418 580 eas,
436 538 496 583 quae
512 521 632 567 videantur
646 538 694 568 esse
707 524 746 569 vel
759 525 815 569 sub-

29 596 81 641 inde
99 596 200 641 existere.
234 594 286 640 Imo
303 608 373 652 vero,
400 609 447 653 quo
465 598 528 639 recte
545 592 635 638 dicatur
652 592 725 638 homo
742 594 816 639 teneri

30 665 105 712 ethictt
121 666 189 726 lege,
206 663 254 709 hoc
268 679 315 710 uno
334 678 394 725 opus
416 669 461 719 est,
488 668 513 708 ut
529 678 576 708 non
594 662 622 709 sit
641 668 741 719 certum,
768 678 816 708 non

29 750 96 796 posse
112 734 163 781 ullo
180 734 254 779 modo
274 735 354 795 legem
371 733 495 781 observari.
531 732 599 780 Hanc
616 748 685 778 unam
702 734 815 792 repereris

30 820 122 852 cansam
138 805 185 849 eius
201 803 249 861 rei,
271 818 332 863 quae
346 809 400 864 post
416 802 538 849 hominum
555 804 689 848 memoriam
708 803 816 867 continuo

29 877 52 920 in
70 874 201 919 hominibus
218 879 311 934 reperta
327 874 377 919 fuit.
422 873 506 933 Longe
527 872 633 932 plerique
656 873 715 919 enim
734 888 763 918 ex
782 873 815 931 iis,

29 944 68 1002 qui
84 944 123 990 vel
139 943 259 987 idealismo
285 942 324 986 vel
345 942 490 1001 scepticismo
509 941 581 986 dediti
603 948 679 997 erant,
705 943 816 987 ansinon

29 1017 80 1058 sunt
97 1014 165 1058 etiam
182 1012 260 1071 legem
278 1010 378 1057 ethicam
397 1025 518 1063 exterum
536 1014 617 1056 naturd
634 1011 731 1059 auferre.
772 1014 816 1057 Ar-

30 1083 97 1129 cebat
113 1096 169 1127 vero
187 1081 241 1126 istos
257 1079 351 1140 quidem
365 1079 458 1125 minime
472 1077 542 1138 illud,
565 1079 629 1138 quod
645 1085 733 1126 certum
751 1080 817 1126 vide-

31 1157 105 1209 retur,
123 1166 171 1197 esse
186 1165 233 1210 res,
255 1165 316 1211 qnae
332 1150 418 1197 ferrent
435 1148 493 1213 legis
511 1149 676 1198 auctoritatem.
713 1149 762 1197 Sed
779 1150 817 1198 vel

31 1223 163 1285 simpliciter
173 1223 280 1267 movebat
290 1237 329 1267 eos
339 1222 379 1267 illa
388 1221 447 1283 legis
460 1220 549 1269 ethicae
561 1226 662 1283 potestas
671 1220 737 1268 insita
748 1227 818 1268 natu-

31 1309 83 1347 rae;
99 1293 138 1338 vel
151 1294 202 1354 ipsa
219 1293 287 1338 etiam
301 1293 380 1354 logica
394 1293 460 1349 ratio,
477 1307 537 1351 quae
551 1291 653 1349 doceret,
670 1299 756 1340 certam
770 1308 818 1339 non

32 1378 81 1409 esse
95 1364 169 1424 ipsam
187 1378 238 1408 eam
256 1362 287 1408 de
304 1364 373 1408 rebus
391 1362 533 1407 existimandi
548 1362 672 1425 rationem,
695 1379 755 1425 quae
772 1379 818 1427 po-

31 1434 97 1479 sitam
114 1433 138 1479 in
154 1448 231 1479 rerum
249 1432 342 1479 veritate
360 1432 452 1480 ethicen
466 1433 594 1479 sustulisset.

399 1532 424 1599 q.
438 1534 462 1582 9.

135 1628 295 1676 Contentio
322 1628 404 1675 facta
430 1629 508 1675 inter
532 1617 713 1690 potestatem

100 1699 147 1746 vel
174 1700 297 1762 logicae
323 1699 370 1744 vel
398 1699 517 1757 ethicae
544 1699 748 1757 necessitatis,

152 1770 199 1815 vel
216 1767 405 1831 suffragandi
422 1770 469 1815 vel
486 1768 654 1815 arbitrandi
668 1765 698 1831 1).

83 1925 192 1974 Ethica
214 1944 307 1989 quoque
329 1930 363 1975 rei
381 1931 475 1976 alicuius
497 1930 659 1977 necessitas
681 1935 768 1978 certum
787 1935 820 1975 est

31 1997 94 2042 veri
110 1992 288 2060 κριτήριον,
306 1998 418 2057 siqnidem
436 2002 487 2059 ipsa
505 2006 538 2045 est
556 2000 632 2045 ethice
650 2007 724 2058 certa,
742 2000 761 2044 si
775 2000 820 2061 igi-

30 2072 68 2111 tur
85 2067 229 2113 intellectum
247 2074 288 2125 est,
307 2068 407 2113 ethicam
425 2084 472 2113 esse
489 2071 646 2114 necessitatem
660 2071 706 2124 rei,
723 2084 773 2113 rem
790 2070 820 2113 ab

30 2135 176 2195 imperatrice
194 2141 271 2182 mente
286 2136 393 2196 flagitari.
428 2137 487 2183 Satis
505 2143 538 2181 est
556 2152 604 2182 esse
621 2137 669 2182 hoc
686 2136 758 2181 modo
770 2152 820 2182 rem

33 2204 109 2249 ethice
123 2211 218 2265 certam,
236 2220 264 2252 ac
282 2205 339 2250 nihil
355 2206 426 2250 refert
440 2205 590 2250 theoreticam
604 2205 768 2250 dubitationem
783 2213 822 2251 aut

33 2274 143 2319 sustulisse
161 2280 264 2320 autnon
282 2275 407 2332 sustulisse,
432 2290 484 2321 cum
508 2275 602 2334 quidem
621 2276 761 2321 continemus
779 2291 822 2321 nos

33 2342 57 2385 in
71 2343 199 2390 ethicorum
212 2345 295 2390 finibus
314 2350 336 2389 et
350 2345 373 2389 in
386 2360 457 2390 unum
472 2344 520 2391 hoc
533 2344 673 2405 inquirimus,
690 2345 747 2404 quid
757 2361 822 2391 mens

33 2410 129 2472 imperet
149 2420 174 2460 ut
191 2430 287 2478 agamus
306 2420 328 2461 et
346 2414 491 2478 agendorum
509 2419 577 2464 causat
594 2414 624 2463 de
641 2416 709 2464 rebus
725 2415 822 2463 arbitre-

32 2498 93 2529 mur.
129 2485 250 2548 Quidquid
267 2486 328 2533 haee
345 2487 477 2549 imperavit,
503 2488 551 2536 sire
572 2504 652 2535 verum
674 2489 720 2534 sive
737 2488 822 2534 falsum

33 2559 80 2613 est,
109 2553 184 2602 ethice
204 2563 291 2604 certum
309 2565 458 2619 sanctumque
477 2565 522 2617 est,
554 2560 662 2620 quoniam
684 2560 822 2621 imperatum

33 2631 75 2672 est.
91 2651 127 2659 -
152 2626 289 2687 Quanquam
307 2630 422 2678 obiectiva
439 2645 531 2691 quoque
548 2632 631 2678 veritas
649 2630 724 2676 ethice
741 2645 823 2677 neces·

34 2696 147 2742 sariorum
165 2710 212 2740 non
228 2700 300 2744 minus
317 2707 379 2747 certa
397 2706 430 2748 est
450 2717 519 2762 quam
540 2701 620 2763 logice
637 2701 821 2747 necessariorum.

34 2763 128 2829 Logica
151 2766 263 2812 dubitatio
285 2769 350 2816 haud
368 2771 484 2818 difficilius
506 2772 595 2817 tollitur
612 2772 637 2818 in
654 2771 735 2818 ethicis
752 2786 822 2829 quam

34 2835 58 2880 in
75 2837 213 2884 theoreticis
259 2836 339 2897 Neque
357 2848 390 2888 est
408 2856 449 2889 cur
466 2843 570 2902 tollatur,
591 2842 632 2889 nisi
650 2857 678 2888 ea
695 2846 728 2886 est
747 2840 822 2886 imbe-

66 2974 88 3026 1)
102 2976 195 3019 Hermes.
207 2976 223 3015 l.
237 2989 253 3014 o.
266 2986 314 3028 pag.
325 2973 399 3017 244-
407 2979 457 3021 266.
