<?xml version="1.0" encoding="UTF-8"?>
<!DOCTYPE html PUBLIC "-//W3C//DTD XHTML 1.0 Transitional//EN"
    "http://www.w3.org/TR/xhtml1/DTD/xhtml1-transitional.dtd">
<html xmlns="http://www.w3.org/1999/xhtml" xml:lang="en" lang="en">
 <head>
  <title>
</title>
<meta http-equiv="Content-Type" content="text/html;charset=utf-8" />
  <meta name='ocr-system' content='tesseract 3.04.00' />
  <meta name='ocr-capabilities' content='ocr_page ocr_carea ocr_par ocr_line ocrx_word'/>
</head>
<body>
  <div class='ocr_page' id='page_1' title='image "MN5160ucmf_1_0054.png"; bbox 0 0 1732 3169; ppageno 0'>
   <div class='ocr_carea' id='block_1_1' title="bbox 59 176 724 348">
    <p class='ocr_par' dir='ltr' id='par_1_1' title="bbox 59 176 724 348">
     <span class='ocr_line' id='line_1_1' title="bbox 59 176 724 236; baseline -0.005 -13"><span class='ocrx_word' id='word_1_1' title='bbox 59 177 93 226; x_wconf 80' lang='lat'>30</span> <span class='ocrx_word' id='word_1_2' title='bbox 162 180 306 236; x_wconf 79' lang='lat' dir='ltr'>Philosophiae</span> <span class='ocrx_word' id='word_1_3' title='bbox 314 178 421 220; x_wconf 75' lang='lat' dir='ltr'>Hermesii</span> <span class='ocrx_word' id='word_1_4' title='bbox 435 178 513 220; x_wconf 82' lang='lat' dir='ltr'>PursI.</span> <span class='ocrx_word' id='word_1_5' title='bbox 529 177 629 231; x_wconf 71' lang='grc'><strong>1111101110</strong></span> <span class='ocrx_word' id='word_1_6' title='bbox 641 179 659 221; x_wconf 90' lang='grc' dir='ltr'>Ι.</span> <span class='ocrx_word' id='word_1_7' title='bbox 673 176 692 234; x_wconf 79' lang='lat'>§.</span> <span class='ocrx_word' id='word_1_8' title='bbox 703 180 724 220; x_wconf 84' lang='lat'>6.</span> 
     </span>
     <span class='ocr_line' id='line_1_2' title="bbox 429 301 460 348; baseline 0.032 -1"><span class='ocrx_word' id='word_1_9' title='bbox 429 301 460 348; x_wconf 90' lang='grc' dir='ltr'>Π.</span> 
     </span>
    </p>
   </div>
   <div class='ocr_carea' id='block_1_2' title="bbox 52 370 839 3028">
    <p class='ocr_par' dir='ltr' id='par_1_2' title="bbox 52 370 837 929">
     <span class='ocr_line' id='line_1_3' title="bbox 106 370 836 435; baseline -0.003 -15"><span class='ocrx_word' id='word_1_10' title='bbox 106 374 132 421; x_wconf 90' lang='grc'>11</span> <span class='ocrx_word' id='word_1_11' title='bbox 148 372 262 435; x_wconf 89' lang='lat' dir='ltr'>priore,</span> <span class='ocrx_word' id='word_1_12' title='bbox 280 386 351 431; x_wconf 90' lang='lat' dir='ltr'>quarn</span> <span class='ocrx_word' id='word_1_13' title='bbox 362 370 496 418; x_wconf 86' lang='lat' dir='ltr'>Hermesius</span> <span class='ocrx_word' id='word_1_14' title='bbox 511 387 552 417; x_wconf 89' lang='lat' dir='ltr'>suo</span> <span class='ocrx_word' id='word_1_15' title='bbox 569 371 755 434; x_wconf 88' lang='lat' dir='ltr'>philosophandi</span> <span class='ocrx_word' id='word_1_16' title='bbox 772 371 836 435; x_wconf 90' lang='lat' dir='ltr'>prin-</span> 
     </span>
     <span class='ocr_line' id='line_1_4' title="bbox 56 442 837 506; baseline -0.001 -16"><span class='ocrx_word' id='word_1_17' title='bbox 56 446 115 506; x_wconf 94' lang='lat' dir='ltr'>cipio</span> <span class='ocrx_word' id='word_1_18' title='bbox 132 444 217 501; x_wconf 81' lang='lat' dir='ltr'>tribuit,</span> <span class='ocrx_word' id='word_1_19' title='bbox 231 442 313 488; x_wconf 87' lang='lat' dir='ltr'>virtute</span> <span class='ocrx_word' id='word_1_20' title='bbox 330 458 377 488; x_wconf 89' lang='lat' dir='ltr'>non</span> <span class='ocrx_word' id='word_1_21' title='bbox 393 458 537 505; x_wconf 81' lang='lat' dir='ltr'>magnopere</span> <span class='ocrx_word' id='word_1_22' title='bbox 554 442 662 489; x_wconf 92' lang='lat' dir='ltr'>habuerit</span> <span class='ocrx_word' id='word_1_23' title='bbox 679 444 742 504; x_wconf 90' lang='lat' dir='ltr'>quod</span> <span class='ocrx_word' id='word_1_24' title='bbox 755 459 837 505; x_wconf 86' lang='lat' dir='ltr'>repre-</span> 
     </span>
     <span class='ocr_line' id='line_1_5' title="bbox 53 513 837 575; baseline -0.003 -14"><span class='ocrx_word' id='word_1_25' title='bbox 53 515 152 571; x_wconf 91' lang='lat' dir='ltr'>hendat,</span> <span class='ocrx_word' id='word_1_26' title='bbox 178 513 221 558; x_wconf 89' lang='lat' dir='ltr'>nisi</span> <span class='ocrx_word' id='word_1_27' title='bbox 242 514 283 573; x_wconf 91' lang='lat' dir='ltr'>qui</span> <span class='ocrx_word' id='word_1_28' title='bbox 305 514 406 575; x_wconf 88' lang='lat' dir='ltr'>sceptice</span> <span class='ocrx_word' id='word_1_29' title='bbox 429 513 521 560; x_wconf 89' lang='lat' dir='ltr'>dicendi</span> <span class='ocrx_word' id='word_1_30' title='bbox 542 514 618 559; x_wconf 85' lang='lat' dir='ltr'>studio</span> <span class='ocrx_word' id='word_1_31' title='bbox 641 521 664 560; x_wconf 90' lang='lat' dir='ltr'>et</span> <span class='ocrx_word' id='word_1_32' title='bbox 686 513 837 560; x_wconf 66' lang='lat' dir='ltr'><strong>admiratione</strong></span> 
     </span>
     <span class='ocr_line' id='line_1_6' title="bbox 52 583 837 646; baseline -0.004 -15"><span class='ocrx_word' id='word_1_33' title='bbox 52 591 148 632; x_wconf 89' lang='lat' dir='ltr'>tenetur.</span> <span class='ocrx_word' id='word_1_34' title='bbox 183 583 285 644; x_wconf 84' lang='lat' dir='ltr'>Oportet</span> <span class='ocrx_word' id='word_1_35' title='bbox 305 590 418 643; x_wconf 86' lang='lat' dir='ltr'>mentem,</span> <span class='ocrx_word' id='word_1_36' title='bbox 445 584 510 646; x_wconf 93' lang='lat' dir='ltr'>quod</span> <span class='ocrx_word' id='word_1_37' title='bbox 532 592 584 631; x_wconf 89' lang='lat' dir='ltr'>ante</span> <span class='ocrx_word' id='word_1_38' title='bbox 598 584 716 631; x_wconf 87' lang='lat' dir='ltr'>Fichtium</span> <span class='ocrx_word' id='word_1_39' title='bbox 734 585 837 645; x_wconf 86' lang='lat' dir='ltr'>pruden-</span> 
     </span>
     <span class='ocr_line' id='line_1_7' title="bbox 53 654 837 717; baseline -0.003 -16"><span class='ocrx_word' id='word_1_40' title='bbox 53 656 148 701; x_wconf 88' lang='lat' dir='ltr'>tissimus</span> <span class='ocrx_word' id='word_1_41' title='bbox 166 654 263 715; x_wconf 91' lang='lat' dir='ltr'>quisque</span> <span class='ocrx_word' id='word_1_42' title='bbox 281 669 309 701; x_wconf 80' lang='lat' dir='ltr'>ex</span> <span class='ocrx_word' id='word_1_43' title='bbox 332 656 469 717; x_wconf 81' lang='lat' dir='ltr'>dogmaticis</span> <span class='ocrx_word' id='word_1_44' title='bbox 486 654 586 715; x_wconf 90' lang='lat' dir='ltr'>viderat,</span> <span class='ocrx_word' id='word_1_45' title='bbox 614 656 713 701; x_wconf 83' lang='lat' dir='ltr'>exordiri</span> <span class='ocrx_word' id='word_1_46' title='bbox 735 656 758 702; x_wconf 94' lang='lat' dir='ltr'>in</span> <span class='ocrx_word' id='word_1_47' title='bbox 781 654 837 716; x_wconf 93' lang='lat' dir='ltr'>phi-</span> 
     </span>
     <span class='ocr_line' id='line_1_8' title="bbox 53 722 837 788; baseline -0.001 -18"><span class='ocrx_word' id='word_1_48' title='bbox 53 725 200 786; x_wconf 90' lang='lat' dir='ltr'>losophando</span> <span class='ocrx_word' id='word_1_49' title='bbox 219 742 233 771; x_wconf 91' lang='grc'>0</span> <span class='ocrx_word' id='word_1_50' title='bbox 245 722 379 772; x_wconf 87' lang='lat' dir='ltr'>necessitate</span> <span class='ocrx_word' id='word_1_51' title='bbox 393 728 487 774; x_wconf 90' lang='lat' dir='ltr'>alicuius</span> <span class='ocrx_word' id='word_1_52' title='bbox 503 727 553 772; x_wconf 88' lang='lat' dir='ltr'>veri</span> <span class='ocrx_word' id='word_1_53' title='bbox 570 734 592 773; x_wconf 91' lang='lat' dir='ltr'>et</span> <span class='ocrx_word' id='word_1_54' title='bbox 602 732 712 788; x_wconf 84' lang='lat' dir='ltr'>tanquam</span> <span class='ocrx_word' id='word_1_55' title='bbox 729 741 743 770; x_wconf 86' lang='lat' dir='ltr'>a</span> <span class='ocrx_word' id='word_1_56' title='bbox 760 726 837 787; x_wconf 87' lang='lat' dir='ltr'>primo</span> 
     </span>
     <span class='ocr_line' id='line_1_9' title="bbox 54 796 837 858; baseline 0 -16"><span class='ocrx_word' id='word_1_57' title='bbox 54 797 156 856; x_wconf 89' lang='lat' dir='ltr'>quodam</span> <span class='ocrx_word' id='word_1_58' title='bbox 178 811 247 854; x_wconf 90' lang='lat' dir='ltr'>vero,</span> <span class='ocrx_word' id='word_1_59' title='bbox 274 797 337 841; x_wconf 88' lang='lat' dir='ltr'>cuius</span> <span class='ocrx_word' id='word_1_60' title='bbox 358 798 393 842; x_wconf 90' lang='lat' dir='ltr'>rei</span> <span class='ocrx_word' id='word_1_61' title='bbox 415 813 430 842; x_wconf 89' lang='lat' dir='ltr'>a</span> <span class='ocrx_word' id='word_1_62' title='bbox 447 796 526 843; x_wconf 72' lang='lat' dir='ltr'>naturai</span> <span class='ocrx_word' id='word_1_63' title='bbox 542 799 632 858; x_wconf 88' lang='lat' dir='ltr'>positae</span> <span class='ocrx_word' id='word_1_64' title='bbox 650 803 672 843; x_wconf 90' lang='lat' dir='ltr'>et</span> <span class='ocrx_word' id='word_1_65' title='bbox 690 796 754 857; x_wconf 89' lang='lat' dir='ltr'>quasi</span> <span class='ocrx_word' id='word_1_66' title='bbox 769 797 837 842; x_wconf 87' lang='lat' dir='ltr'>datae</span> 
     </span>
     <span class='ocr_line' id='line_1_10' title="bbox 54 866 693 929; baseline -0.002 -16"><span class='ocrx_word' id='word_1_67' title='bbox 54 882 97 913; x_wconf 87' lang='lat' dir='ltr'>neo</span> <span class='ocrx_word' id='word_1_68' title='bbox 113 866 194 912; x_wconf 88' lang='lat' dir='ltr'>veritas</span> <span class='ocrx_word' id='word_1_69' title='bbox 212 866 297 929; x_wconf 87' lang='lat' dir='ltr'>debeat</span> <span class='ocrx_word' id='word_1_70' title='bbox 314 882 358 913; x_wconf 91' lang='lat' dir='ltr'>uec</span> <span class='ocrx_word' id='word_1_71' title='bbox 371 868 457 913; x_wconf 84' lang='lat' dir='ltr'>vanitas</span> <span class='ocrx_word' id='word_1_72' title='bbox 474 869 546 929; x_wconf 87' lang='lat' dir='ltr'>possit</span> <span class='ocrx_word' id='word_1_73' title='bbox 564 868 693 913; x_wconf 91' lang='lat' dir='ltr'>monstrari.</span> 
     </span>
    </p>

    <p class='ocr_par' dir='ltr' id='par_1_3' title="bbox 54 935 839 3028">
     <span class='ocr_line' id='line_1_11' title="bbox 106 935 837 998; baseline -0.001 -15"><span class='ocrx_word' id='word_1_74' title='bbox 106 938 133 983; x_wconf 92' lang='lat' dir='ltr'>In</span> <span class='ocrx_word' id='word_1_75' title='bbox 156 937 253 982; x_wconf 67' lang='lat' dir='ltr'>alterii</span> <span class='ocrx_word' id='word_1_76' title='bbox 273 935 341 982; x_wconf 91' lang='lat' dir='ltr'>huius</span> <span class='ocrx_word' id='word_1_77' title='bbox 362 937 468 998; x_wconf 91' lang='lat' dir='ltr'>principii</span> <span class='ocrx_word' id='word_1_78' title='bbox 485 938 568 983; x_wconf 91' lang='lat' dir='ltr'>virtute</span> <span class='ocrx_word' id='word_1_79' title='bbox 586 938 645 983; x_wconf 89' lang='lat' dir='ltr'>illud</span> <span class='ocrx_word' id='word_1_80' title='bbox 669 936 837 983; x_wconf 85' lang='lat' dir='ltr'>dubitationem</span> 
     </span>
     <span class='ocr_line' id='line_1_12' title="bbox 55 1007 837 1067; baseline -0.001 -15"><span class='ocrx_word' id='word_1_81' title='bbox 55 1008 189 1066; x_wconf 88' lang='lat' dir='ltr'>nonhabet,</span> <span class='ocrx_word' id='word_1_82' title='bbox 199 1007 271 1052; x_wconf 89' lang='lat' dir='ltr'>miuus</span> <span class='ocrx_word' id='word_1_83' title='bbox 280 1013 343 1052; x_wconf 87' lang='lat' dir='ltr'>recte</span> <span class='ocrx_word' id='word_1_84' title='bbox 353 1008 497 1054; x_wconf 88' lang='lat' dir='ltr'>Hermesium</span> <span class='ocrx_word' id='word_1_85' title='bbox 507 1008 571 1052; x_wconf 92' lang='lat' dir='ltr'>illam</span> <span class='ocrx_word' id='word_1_86' title='bbox 583 1008 746 1063; x_wconf 89' lang='lat' dir='ltr'>necessitatem,</span> <span class='ocrx_word' id='word_1_87' title='bbox 765 1022 837 1067; x_wconf 89' lang='lat' dir='ltr'>quum</span> 
     </span>
     <span class='ocr_line' id='line_1_13' title="bbox 54 1076 838 1139; baseline -0.003 -16"><span class='ocrx_word' id='word_1_88' title='bbox 54 1094 100 1123; x_wconf 90' lang='lat' dir='ltr'>non</span> <span class='ocrx_word' id='word_1_89' title='bbox 122 1078 213 1123; x_wconf 86' lang='lat' dir='ltr'>dixisset</span> <span class='ocrx_word' id='word_1_90' title='bbox 237 1076 351 1134; x_wconf 78' lang='lat' dir='ltr'>ethicam,</span> <span class='ocrx_word' id='word_1_91' title='bbox 375 1092 419 1125; x_wconf 91' lang='lat' dir='ltr'>nee</span> <span class='ocrx_word' id='word_1_92' title='bbox 447 1078 579 1138; x_wconf 88' lang='lat' dir='ltr'>simpliciter</span> <span class='ocrx_word' id='word_1_93' title='bbox 600 1077 704 1139; x_wconf 82' lang='lat' dir='ltr'>logicam</span> <span class='ocrx_word' id='word_1_94' title='bbox 726 1077 773 1123; x_wconf 91' lang='lat' dir='ltr'>dici</span> <span class='ocrx_word' id='word_1_95' title='bbox 794 1091 838 1121; x_wconf 90' lang='lat' dir='ltr'>vo-</span> 
     </span>
     <span class='ocr_line' id='line_1_14' title="bbox 54 1146 837 1208; baseline -0.003 -15"><span class='ocrx_word' id='word_1_96' title='bbox 54 1148 128 1193; x_wconf 90' lang='lat' dir='ltr'>luisse.</span> <span class='ocrx_word' id='word_1_97' title='bbox 154 1147 312 1193; x_wconf 85' lang='lat' dir='ltr'>Necessarium</span> <span class='ocrx_word' id='word_1_98' title='bbox 327 1148 431 1208; x_wconf 88' lang='lat' dir='ltr'>cogitare</span> <span class='ocrx_word' id='word_1_99' title='bbox 446 1147 532 1207; x_wconf 88' lang='lat' dir='ltr'>aliquid</span> <span class='ocrx_word' id='word_1_100' title='bbox 550 1154 573 1192; x_wconf 94' lang='lat' dir='ltr'>et</span> <span class='ocrx_word' id='word_1_101' title='bbox 589 1163 669 1194; x_wconf 91' lang='lat' dir='ltr'>verum</span> <span class='ocrx_word' id='word_1_102' title='bbox 687 1146 775 1192; x_wconf 89' lang='lat' dir='ltr'>hahere</span> <span class='ocrx_word' id='word_1_103' title='bbox 793 1147 837 1191; x_wconf 90' lang='grc'><strong>011-</strong></span> 
     </span>
     <span class='ocr_line' id='line_1_15' title="bbox 56 1216 838 1279; baseline -0.001 -17"><span class='ocrx_word' id='word_1_104' title='bbox 56 1218 111 1277; x_wconf 89' lang='lat' dir='ltr'>quid</span> <span class='ocrx_word' id='word_1_105' title='bbox 121 1232 168 1261; x_wconf 89' lang='lat' dir='ltr'>non</span> <span class='ocrx_word' id='word_1_106' title='bbox 177 1218 209 1261; x_wconf 92' lang='lat' dir='ltr'>ita</span> <span class='ocrx_word' id='word_1_107' title='bbox 217 1217 275 1262; x_wconf 88' lang='lat' dir='ltr'>inter</span> <span class='ocrx_word' id='word_1_108' title='bbox 284 1232 309 1262; x_wconf 90' lang='lat' dir='ltr'>se</span> <span class='ocrx_word' id='word_1_109' title='bbox 318 1217 435 1274; x_wconf 88' lang='lat' dir='ltr'>differunt,</span> <span class='ocrx_word' id='word_1_110' title='bbox 450 1223 482 1273; x_wconf 92' lang='lat' dir='ltr'>ut,</span> <span class='ocrx_word' id='word_1_111' title='bbox 497 1219 537 1263; x_wconf 90' lang='lat' dir='ltr'>ubi</span> <span class='ocrx_word' id='word_1_112' title='bbox 550 1218 643 1279; x_wconf 83' lang='lat' dir='ltr'>cogites,</span> <span class='ocrx_word' id='word_1_113' title='bbox 657 1218 681 1262; x_wconf 95' lang='lat' dir='ltr'>in</span> <span class='ocrx_word' id='word_1_114' title='bbox 696 1218 789 1262; x_wconf 90' lang='lat' dir='ltr'>notione</span> <span class='ocrx_word' id='word_1_115' title='bbox 804 1216 838 1261; x_wconf 87' lang='lat' dir='ltr'>rei</span> 
     </span>
     <span class='ocr_line' id='line_1_16' title="bbox 57 1286 838 1348; baseline 0 -16"><span class='ocrx_word' id='word_1_116' title='bbox 57 1289 172 1333; x_wconf 85' lang='lat' dir='ltr'>contineas</span> <span class='ocrx_word' id='word_1_117' title='bbox 187 1288 355 1344; x_wconf 87' lang='lat' dir='ltr'>necessitatem,</span> <span class='ocrx_word' id='word_1_118' title='bbox 373 1289 413 1333; x_wconf 92' lang='lat' dir='ltr'>ubi</span> <span class='ocrx_word' id='word_1_119' title='bbox 433 1303 510 1333; x_wconf 86' lang='grc'><strong>1011111</strong></span> <span class='ocrx_word' id='word_1_120' title='bbox 528 1287 623 1348; x_wconf 82' lang='lat' dir='ltr'>habeas,</span> <span class='ocrx_word' id='word_1_121' title='bbox 640 1287 702 1335; x_wconf 92' lang='lat' dir='ltr'>hanc</span> <span class='ocrx_word' id='word_1_122' title='bbox 717 1303 731 1332; x_wconf 91' lang='lat' dir='ltr'>a</span> <span class='ocrx_word' id='word_1_123' title='bbox 744 1286 838 1332; x_wconf 87' lang='lat' dir='ltr'>notione</span> 
     </span>
     <span class='ocr_line' id='line_1_17' title="bbox 57 1356 838 1418; baseline -0.003 -16"><span class='ocrx_word' id='word_1_124' title='bbox 57 1357 88 1402; x_wconf 90' lang='lat' dir='ltr'>ad</span> <span class='ocrx_word' id='word_1_125' title='bbox 105 1358 178 1418; x_wconf 90' lang='lat' dir='ltr'>ipsam</span> <span class='ocrx_word' id='word_1_126' title='bbox 195 1357 328 1402; x_wconf 90' lang='lat' dir='ltr'>etiam-rem</span> <span class='ocrx_word' id='word_1_127' title='bbox 346 1358 474 1406; x_wconf 84' lang='lat' dir='ltr'>transferas.</span> <span class='ocrx_word' id='word_1_128' title='bbox 510 1358 643 1414; x_wconf 89' lang='lat' dir='ltr'>Anselmus,</span> <span class='ocrx_word' id='word_1_129' title='bbox 663 1362 689 1402; x_wconf 89' lang='lat' dir='ltr'>ut</span> <span class='ocrx_word' id='word_1_130' title='bbox 709 1356 758 1402; x_wconf 91' lang='lat' dir='ltr'>hoc</span> <span class='ocrx_word' id='word_1_131' title='bbox 779 1364 838 1413; x_wconf 88' lang='lat' dir='ltr'>utar,</span> 
     </span>
     <span class='ocr_line' id='line_1_18' title="bbox 56 1426 839 1487; baseline 0 -16"><span class='ocrx_word' id='word_1_132' title='bbox 56 1427 75 1471; x_wconf 92' lang='lat' dir='ltr'>si</span> <span class='ocrx_word' id='word_1_133' title='bbox 92 1427 259 1472; x_wconf 87' lang='lat' dir='ltr'>monstravisset</span> <span class='ocrx_word' id='word_1_134' title='bbox 275 1428 430 1472; x_wconf 88' lang='lat' dir='ltr'>necessitatem</span> <span class='ocrx_word' id='word_1_135' title='bbox 448 1426 566 1487; x_wconf 82' lang='lat' dir='ltr'>cogitandi</span> <span class='ocrx_word' id='word_1_136' title='bbox 587 1427 651 1472; x_wconf 90' lang='lat' dir='ltr'>illam</span> <span class='ocrx_word' id='word_1_137' title='bbox 669 1427 777 1487; x_wconf 87' lang='lat' dir='ltr'>Supremi</span> <span class='ocrx_word' id='word_1_138' title='bbox 794 1442 839 1471; x_wconf 92' lang='lat' dir='ltr'>no-</span> 
     </span>
     <span class='ocr_line' id='line_1_19' title="bbox 56 1489 838 1557; baseline 0 -17"><span class='ocrx_word' id='word_1_139' title='bbox 56 1496 150 1551; x_wconf 88' lang='lat' dir='ltr'>tionem,</span> <span class='ocrx_word' id='word_1_140' title='bbox 169 1511 228 1554; x_wconf 86' lang='lat' dir='ltr'>quae</span> <span class='ocrx_word' id='word_1_141' title='bbox 245 1489 273 1541; x_wconf 76' lang='lat' dir='ltr'>nd</span> <span class='ocrx_word' id='word_1_142' title='bbox 290 1492 349 1541; x_wconf 76' lang='grc' dir='ltr'><strong><em>εἶναι</em></strong></span> <span class='ocrx_word' id='word_1_143' title='bbox 364 1497 388 1541; x_wconf 88' lang='grc'>11</span> <span class='ocrx_word' id='word_1_144' title='bbox 400 1512 424 1542; x_wconf 91' lang='lat' dir='ltr'>se</span> <span class='ocrx_word' id='word_1_145' title='bbox 439 1497 640 1557; x_wconf 88' lang='lat' dir='ltr'>complecteretur,</span> <span class='ocrx_word' id='word_1_146' title='bbox 658 1511 705 1542; x_wconf 87' lang='lat' dir='ltr'>non</span> <span class='ocrx_word' id='word_1_147' title='bbox 721 1495 838 1541; x_wconf 85' lang='lat' dir='ltr'>habuisset</span> 
     </span>
     <span class='ocr_line' id='line_1_20' title="bbox 55 1565 838 1611; baseline -0.001 -1"><span class='ocrx_word' id='word_1_148' title='bbox 55 1579 97 1611; x_wconf 89' lang='lat' dir='ltr'>cur</span> <span class='ocrx_word' id='word_1_149' title='bbox 116 1570 252 1610; x_wconf 82' lang='lat' dir='ltr'>monstraret</span> <span class='ocrx_word' id='word_1_150' title='bbox 274 1567 431 1611; x_wconf 88' lang='lat' dir='ltr'>necessitatem</span> <span class='ocrx_word' id='word_1_151' title='bbox 454 1567 522 1611; x_wconf 91' lang='lat' dir='ltr'>etiam</span> <span class='ocrx_word' id='word_1_152' title='bbox 543 1580 623 1610; x_wconf 88' lang='lat' dir='ltr'>verum</span> <span class='ocrx_word' id='word_1_153' title='bbox 646 1565 749 1611; x_wconf 89' lang='lat' dir='ltr'>habendi</span> <span class='ocrx_word' id='word_1_154' title='bbox 771 1565 838 1610; x_wconf 89' lang='lat' dir='ltr'>istam</span> 
     </span>
     <span class='ocr_line' id='line_1_21' title="bbox 56 1633 838 1697; baseline -0.001 -18"><span class='ocrx_word' id='word_1_155' title='bbox 56 1635 180 1693; x_wconf 86' lang='lat' dir='ltr'>notionem,</span> <span class='ocrx_word' id='word_1_156' title='bbox 197 1633 222 1678; x_wconf 92' lang='grc'>11.</span> <span class='ocrx_word' id='word_1_157' title='bbox 241 1650 260 1679; x_wconf 91' lang='grc'>0.</span> <span class='ocrx_word' id='word_1_158' title='bbox 278 1634 402 1691; x_wconf 89' lang='lat' dir='ltr'>iudicandi,</span> <span class='ocrx_word' id='word_1_159' title='bbox 420 1650 469 1680; x_wconf 92' lang='lat' dir='ltr'>esse</span> <span class='ocrx_word' id='word_1_160' title='bbox 486 1635 633 1697; x_wconf 84' lang='lat' dir='ltr'>Supremam.</span> <span class='ocrx_word' id='word_1_161' title='bbox 658 1634 779 1694; x_wconf 79' lang='lat' dir='ltr'>Quidquid</span> <span class='ocrx_word' id='word_1_162' title='bbox 797 1650 838 1679; x_wconf 91' lang='lat' dir='ltr'>ne-</span> 
     </span>
     <span class='ocr_line' id='line_1_22' title="bbox 57 1704 837 1766; baseline -0.004 -15"><span class='ocrx_word' id='word_1_163' title='bbox 57 1704 179 1751; x_wconf 81' lang='lat' dir='ltr'>cessarium</span> <span class='ocrx_word' id='word_1_164' title='bbox 197 1704 297 1765; x_wconf 80' lang='lat' dir='ltr'>cogitas,</span> <span class='ocrx_word' id='word_1_165' title='bbox 322 1705 355 1751; x_wconf 87' lang='lat' dir='ltr'>sic</span> <span class='ocrx_word' id='word_1_166' title='bbox 375 1705 447 1766; x_wconf 89' lang='lat' dir='ltr'>igitur</span> <span class='ocrx_word' id='word_1_167' title='bbox 465 1706 553 1766; x_wconf 83' lang='lat' dir='ltr'>cogitas</span> <span class='ocrx_word' id='word_1_168' title='bbox 568 1712 594 1751; x_wconf 92' lang='lat' dir='ltr'>ut</span> <span class='ocrx_word' id='word_1_169' title='bbox 608 1706 735 1752; x_wconf 86' lang='lat' dir='ltr'>necessario</span> <span class='ocrx_word' id='word_1_170' title='bbox 751 1705 777 1749; x_wconf 89' lang='lat' dir='ltr'>id</span> <span class='ocrx_word' id='word_1_171' title='bbox 796 1719 837 1750; x_wconf 89' lang='lat' dir='ltr'>co-</span> 
     </span>
     <span class='ocr_line' id='line_1_23' title="bbox 56 1773 838 1835; baseline 0.001 -18"><span class='ocrx_word' id='word_1_172' title='bbox 56 1774 175 1835; x_wconf 86' lang='lat' dir='ltr'>gitandum</span> <span class='ocrx_word' id='word_1_173' title='bbox 192 1773 334 1829; x_wconf 88' lang='lat' dir='ltr'>indicaveris,</span> <span class='ocrx_word' id='word_1_174' title='bbox 353 1774 415 1819; x_wconf 89' lang='lat' dir='ltr'>idem</span> <span class='ocrx_word' id='word_1_175' title='bbox 433 1774 505 1820; x_wconf 89' lang='lat' dir='ltr'>habes</span> <span class='ocrx_word' id='word_1_176' title='bbox 523 1775 591 1820; x_wconf 87' lang='lat' dir='ltr'>etiam</span> <span class='ocrx_word' id='word_1_177' title='bbox 607 1791 689 1820; x_wconf 88' lang='lat' dir='ltr'>verum</span> <span class='ocrx_word' id='word_1_178' title='bbox 706 1775 731 1820; x_wconf 95' lang='lat' dir='ltr'>h.</span> <span class='ocrx_word' id='word_1_179' title='bbox 751 1789 770 1819; x_wconf 94' lang='lat' dir='ltr'>e.</span> <span class='ocrx_word' id='word_1_180' title='bbox 790 1789 838 1819; x_wconf 86' lang='lat' dir='ltr'>esse</span> 
     </span>
     <span class='ocr_line' id='line_1_24' title="bbox 55 1842 838 1905; baseline 0 -18"><span class='ocrx_word' id='word_1_181' title='bbox 55 1843 152 1888; x_wconf 89' lang='lat' dir='ltr'>indicas.</span> <span class='ocrx_word' id='word_1_182' title='bbox 185 1842 213 1886; x_wconf 93' lang='grc'>11</span> <span class='ocrx_word' id='word_1_183' title='bbox 225 1844 402 1888; x_wconf 88' lang='lat' dir='ltr'>necessariorum</span> <span class='ocrx_word' id='word_1_184' title='bbox 420 1845 560 1905; x_wconf 88' lang='lat' dir='ltr'>cogitatione</span> <span class='ocrx_word' id='word_1_185' title='bbox 575 1860 621 1890; x_wconf 89' lang='lat' dir='ltr'>non</span> <span class='ocrx_word' id='word_1_186' title='bbox 636 1852 702 1905; x_wconf 88' lang='lat' dir='ltr'>potes</span> <span class='ocrx_word' id='word_1_187' title='bbox 717 1859 767 1890; x_wconf 86' lang='lat' dir='ltr'>rem</span> <span class='ocrx_word' id='word_1_188' title='bbox 785 1857 838 1888; x_wconf 91' lang='lat' dir='ltr'>cum</span> 
     </span>
     <span class='ocr_line' id='line_1_25' title="bbox 56 1911 837 1975; baseline 0.001 -19"><span class='ocrx_word' id='word_1_189' title='bbox 56 1913 149 1957; x_wconf 88' lang='lat' dir='ltr'>notione</span> <span class='ocrx_word' id='word_1_190' title='bbox 167 1925 213 1955; x_wconf 93' lang='lat' dir='ltr'>non</span> <span class='ocrx_word' id='word_1_191' title='bbox 229 1911 359 1972; x_wconf 89' lang='lat' dir='ltr'>complecti.</span> <span class='ocrx_word' id='word_1_192' title='bbox 394 1912 465 1959; x_wconf 84' lang='lat' dir='ltr'>Secus</span> <span class='ocrx_word' id='word_1_193' title='bbox 483 1914 502 1957; x_wconf 84' lang='lat' dir='ltr'>s&#39;i</span> <span class='ocrx_word' id='word_1_194' title='bbox 519 1914 607 1971; x_wconf 88' lang='lat' dir='ltr'>feceris,</span> <span class='ocrx_word' id='word_1_195' title='bbox 621 1921 698 1960; x_wconf 88' lang='lat' dir='ltr'>tecum</span> <span class='ocrx_word' id='word_1_196' title='bbox 715 1913 837 1975; x_wconf 84' lang='lat' dir='ltr'>pugnabis,</span> 
     </span>
     <span class='ocr_line' id='line_1_26' title="bbox 56 1981 839 2040; baseline 0 -15"><span class='ocrx_word' id='word_1_197' title='bbox 56 1996 102 2025; x_wconf 88' lang='lat' dir='ltr'>non</span> <span class='ocrx_word' id='word_1_198' title='bbox 117 1981 237 2040; x_wconf 86' lang='lat' dir='ltr'>cogitabis.</span> <span class='ocrx_word' id='word_1_199' title='bbox 271 1981 341 2025; x_wconf 89' lang='lat' dir='ltr'>Dices</span> <span class='ocrx_word' id='word_1_200' title='bbox 355 1982 427 2036; x_wconf 91' lang='lat' dir='ltr'>enim,</span> <span class='ocrx_word' id='word_1_201' title='bbox 450 1983 513 2027; x_wconf 92' lang='lat' dir='ltr'>idern</span> <span class='ocrx_word' id='word_1_202' title='bbox 536 1984 579 2028; x_wconf 91' lang='lat' dir='ltr'>tibi</span> <span class='ocrx_word' id='word_1_203' title='bbox 597 1990 620 2028; x_wconf 91' lang='lat' dir='ltr'>et</span> <span class='ocrx_word' id='word_1_204' title='bbox 641 1985 793 2029; x_wconf 87' lang='lat' dir='ltr'>necessarium</span> <span class='ocrx_word' id='word_1_205' title='bbox 815 1988 839 2026; x_wconf 92' lang='lat' dir='ltr'>et</span> 
     </span>
     <span class='ocr_line' id='line_1_27' title="bbox 56 2049 838 2106; baseline 0 -10"><span class='ocrx_word' id='word_1_206' title='bbox 56 2067 102 2096; x_wconf 91' lang='lat' dir='ltr'>non</span> <span class='ocrx_word' id='word_1_207' title='bbox 119 2050 271 2096; x_wconf 88' lang='lat' dir='ltr'>necessarium</span> <span class='ocrx_word' id='word_1_208' title='bbox 294 2049 378 2106; x_wconf 89' lang='lat' dir='ltr'>videri,</span> <span class='ocrx_word' id='word_1_209' title='bbox 403 2050 465 2097; x_wconf 87' lang='lat' dir='ltr'>idem</span> <span class='ocrx_word' id='word_1_210' title='bbox 484 2052 525 2097; x_wconf 89' lang='lat' dir='ltr'>tihi</span> <span class='ocrx_word' id='word_1_211' title='bbox 549 2058 572 2097; x_wconf 92' lang='lat' dir='ltr'>et</span> <span class='ocrx_word' id='word_1_212' title='bbox 591 2053 717 2098; x_wconf 85' lang='lat' dir='ltr'>necessario</span> <span class='ocrx_word' id='word_1_213' title='bbox 743 2067 791 2097; x_wconf 90' lang='lat' dir='ltr'>esse</span> <span class='ocrx_word' id='word_1_214' title='bbox 815 2056 838 2096; x_wconf 88' lang='lat' dir='ltr'>et</span> 
     </span>
     <span class='ocr_line' id='line_1_28' title="bbox 56 2119 839 2182; baseline 0 -17"><span class='ocrx_word' id='word_1_215' title='bbox 56 2136 102 2166; x_wconf 90' lang='lat' dir='ltr'>non</span> <span class='ocrx_word' id='word_1_216' title='bbox 123 2119 251 2166; x_wconf 87' lang='lat' dir='ltr'>necessario</span> <span class='ocrx_word' id='word_1_217' title='bbox 280 2135 329 2165; x_wconf 85' lang='lat' dir='ltr'>esse</span> <span class='ocrx_word' id='word_1_218' title='bbox 353 2119 432 2165; x_wconf 83' lang='lat' dir='ltr'>videri.</span> <span class='ocrx_word' id='word_1_219' title='bbox 475 2120 541 2177; x_wconf 80' lang='lat' dir='ltr'>Quae</span> <span class='ocrx_word' id='word_1_220' title='bbox 562 2121 687 2167; x_wconf 87' lang='lat' dir='ltr'>necessaria</span> <span class='ocrx_word' id='word_1_221' title='bbox 708 2122 839 2182; x_wconf 87' lang='lat' dir='ltr'>cogitantur</span> 
     </span>
     <span class='ocr_line' id='line_1_29' title="bbox 56 2189 838 2252; baseline 0 -17"><span class='ocrx_word' id='word_1_222' title='bbox 56 2189 82 2237; x_wconf 89' lang='lat' dir='ltr'>h.</span> <span class='ocrx_word' id='word_1_223' title='bbox 102 2207 123 2236; x_wconf 90' lang='lat' dir='ltr'>e.</span> <span class='ocrx_word' id='word_1_224' title='bbox 140 2196 257 2252; x_wconf 90' lang='lat' dir='ltr'>ponuntur</span> <span class='ocrx_word' id='word_1_225' title='bbox 274 2189 360 2235; x_wconf 90' lang='lat' dir='ltr'>iudicio</span> <span class='ocrx_word' id='word_1_226' title='bbox 378 2189 470 2250; x_wconf 90' lang='lat' dir='ltr'>mentis,</span> <span class='ocrx_word' id='word_1_227' title='bbox 489 2206 516 2235; x_wconf 88' lang='lat' dir='ltr'>ea</span> <span class='ocrx_word' id='word_1_228' title='bbox 532 2191 633 2249; x_wconf 88' lang='lat' dir='ltr'>abillis,</span> <span class='ocrx_word' id='word_1_229' title='bbox 655 2194 715 2250; x_wconf 87' lang='lat' dir='ltr'>quae</span> <span class='ocrx_word' id='word_1_230' title='bbox 729 2205 776 2235; x_wconf 93' lang='lat' dir='ltr'>non</span> <span class='ocrx_word' id='word_1_231' title='bbox 793 2206 838 2235; x_wconf 89' lang='lat' dir='ltr'>ne-</span> 
     </span>
     <span class='ocr_line' id='line_1_30' title="bbox 57 2259 838 2323; baseline -0.001 -15"><span class='ocrx_word' id='word_1_232' title='bbox 57 2261 152 2308; x_wconf 85' lang='lat' dir='ltr'>cessaria</span> <span class='ocrx_word' id='word_1_233' title='bbox 167 2261 297 2323; x_wconf 86' lang='lat' dir='ltr'>cogitantur</span> <span class='ocrx_word' id='word_1_234' title='bbox 313 2259 337 2308; x_wconf 91' lang='lat' dir='ltr'>h.</span> <span class='ocrx_word' id='word_1_235' title='bbox 357 2275 376 2306; x_wconf 85' lang='lat' dir='ltr'>e</span> <span class='ocrx_word' id='word_1_236' title='bbox 394 2261 511 2322; x_wconf 85' lang='lat' dir='ltr'>finguntur</span> <span class='ocrx_word' id='word_1_237' title='bbox 524 2261 617 2307; x_wconf 87' lang='lat' dir='ltr'>arbitrio</span> <span class='ocrx_word' id='word_1_238' title='bbox 633 2261 779 2323; x_wconf 86' lang='lat' dir='ltr'>phantasiae,</span> <span class='ocrx_word' id='word_1_239' title='bbox 801 2277 838 2307; x_wconf 88' lang='lat' dir='ltr'>se-</span> 
     </span>
     <span class='ocr_line' id='line_1_31' title="bbox 58 2330 839 2393; baseline -0.001 -16"><span class='ocrx_word' id='word_1_240' title='bbox 58 2333 119 2377; x_wconf 90' lang='lat' dir='ltr'>cerni</span> <span class='ocrx_word' id='word_1_241' title='bbox 135 2337 251 2393; x_wconf 89' lang='lat' dir='ltr'>nequeuut</span> <span class='ocrx_word' id='word_1_242' title='bbox 267 2331 310 2377; x_wconf 90' lang='lat' dir='ltr'>nisi</span> <span class='ocrx_word' id='word_1_243' title='bbox 329 2332 381 2392; x_wconf 86' lang='lat' dir='ltr'>ipso</span> <span class='ocrx_word' id='word_1_244' title='bbox 399 2330 460 2389; x_wconf 91' lang='lat' dir='ltr'>hoc,</span> <span class='ocrx_word' id='word_1_245' title='bbox 481 2332 545 2392; x_wconf 91' lang='lat' dir='ltr'>quod</span> <span class='ocrx_word' id='word_1_246' title='bbox 563 2348 612 2378; x_wconf 89' lang='lat' dir='ltr'>esse</span> <span class='ocrx_word' id='word_1_247' title='bbox 630 2332 765 2391; x_wconf 87' lang='lat' dir='ltr'>iudicantur,</span> <span class='ocrx_word' id='word_1_248' title='bbox 784 2346 839 2377; x_wconf 90' lang='grc'><strong>1010</strong></span> 
     </span>
     <span class='ocr_line' id='line_1_32' title="bbox 57 2400 838 2463; baseline 0.001 -17"><span class='ocrx_word' id='word_1_249' title='bbox 57 2400 176 2451; x_wconf 87' lang='lat' dir='ltr'>habentur.</span> <span class='ocrx_word' id='word_1_250' title='bbox 214 2403 286 2463; x_wconf 89' lang='lat' dir='ltr'>Atqui</span> <span class='ocrx_word' id='word_1_251' title='bbox 307 2402 441 2448; x_wconf 87' lang='lat' dir='ltr'>Hermesius</span> <span class='ocrx_word' id='word_1_252' title='bbox 464 2403 528 2449; x_wconf 90' lang='lat' dir='ltr'>illam</span> <span class='ocrx_word' id='word_1_253' title='bbox 549 2404 579 2450; x_wconf 88' lang='lat' dir='ltr'>ab</span> <span class='ocrx_word' id='word_1_254' title='bbox 602 2403 735 2451; x_wconf 68' lang='lat' dir='ltr'>immediata</span> <span class='ocrx_word' id='word_1_255' title='bbox 757 2403 838 2449; x_wconf 87' lang='lat' dir='ltr'>mentis</span> 
     </span>
     <span class='ocr_line' id='line_1_33' title="bbox 59 2473 839 2532; baseline -0.001 -14"><span class='ocrx_word' id='word_1_256' title='bbox 59 2473 194 2520; x_wconf 62' lang='lat' dir='ltr'>conscientie</span> <span class='ocrx_word' id='word_1_257' title='bbox 211 2474 244 2519; x_wconf 91' lang='lat' dir='ltr'>sui</span> <span class='ocrx_word' id='word_1_258' title='bbox 262 2473 365 2520; x_wconf 90' lang='lat' dir='ltr'>oblatam</span> <span class='ocrx_word' id='word_1_259' title='bbox 382 2474 538 2520; x_wconf 88' lang='lat' dir='ltr'>necessitatem</span> <span class='ocrx_word' id='word_1_260' title='bbox 552 2476 639 2521; x_wconf 90' lang='lat' dir='ltr'>nonin</span> <span class='ocrx_word' id='word_1_261' title='bbox 657 2475 740 2532; x_wconf 71' lang='lat' dir='ltr'>ethici,</span> <span class='ocrx_word' id='word_1_262' title='bbox 758 2473 839 2520; x_wconf 89' lang='lat' dir='ltr'>sedin</span> 
     </span>
     <span class='ocr_line' id='line_1_34' title="bbox 56 2543 837 2604; baseline 0.005 -18"><span class='ocrx_word' id='word_1_263' title='bbox 56 2543 137 2604; x_wconf 76' lang='lat' dir='ltr'>logica</span> <span class='ocrx_word' id='word_1_264' title='bbox 158 2550 181 2589; x_wconf 90' lang='lat' dir='ltr'>et</span> <span class='ocrx_word' id='word_1_265' title='bbox 201 2543 328 2591; x_wconf 84' lang='lat' dir='ltr'>theoreticai</span> <span class='ocrx_word' id='word_1_266' title='bbox 354 2543 453 2591; x_wconf 88' lang='lat' dir='ltr'>hominis</span> <span class='ocrx_word' id='word_1_267' title='bbox 477 2549 558 2593; x_wconf 82' lang='lat' dir='ltr'>naturai</span> <span class='ocrx_word' id='word_1_268' title='bbox 583 2547 721 2593; x_wconf 89' lang='lat' dir='ltr'>collocatam</span> <span class='ocrx_word' id='word_1_269' title='bbox 748 2543 837 2590; x_wconf 89' lang='lat' dir='ltr'>habuit.</span> 
     </span>
     <span class='ocr_line' id='line_1_35' title="bbox 56 2613 838 2677; baseline 0.001 -18"><span class='ocrx_word' id='word_1_270' title='bbox 56 2614 95 2659; x_wconf 87' lang='lat' dir='ltr'>Ac</span> <span class='ocrx_word' id='word_1_271' title='bbox 117 2613 211 2658; x_wconf 91' lang='lat' dir='ltr'>modum</span> <span class='ocrx_word' id='word_1_272' title='bbox 237 2615 326 2677; x_wconf 88' lang='lat' dir='ltr'>singula</span> <span class='ocrx_word' id='word_1_273' title='bbox 348 2631 402 2662; x_wconf 87' lang='lat' dir='ltr'>vera</span> <span class='ocrx_word' id='word_1_274' title='bbox 424 2631 452 2661; x_wconf 83' lang='lat' dir='ltr'>ex</span> <span class='ocrx_word' id='word_1_275' title='bbox 473 2632 519 2662; x_wconf 91' lang='lat' dir='ltr'>uno</span> <span class='ocrx_word' id='word_1_276' title='bbox 537 2632 592 2663; x_wconf 90' lang='lat' dir='ltr'>vero</span> <span class='ocrx_word' id='word_1_277' title='bbox 620 2614 738 2663; x_wconf 83' lang='lat' dir='ltr'>derivandi</span> <span class='ocrx_word' id='word_1_278' title='bbox 758 2614 838 2675; x_wconf 69' lang='lat' dir='ltr'>logica</span> 
     </span>
     <span class='ocr_line' id='line_1_36' title="bbox 56 2682 838 2743; baseline -0.003 -13"><span class='ocrx_word' id='word_1_279' title='bbox 56 2683 124 2730; x_wconf 90' lang='lat' dir='ltr'>huius</span> <span class='ocrx_word' id='word_1_280' title='bbox 143 2689 166 2728; x_wconf 92' lang='lat' dir='ltr'>et</span> <span class='ocrx_word' id='word_1_281' title='bbox 180 2682 271 2730; x_wconf 86' lang='lat' dir='ltr'>illorum</span> <span class='ocrx_word' id='word_1_282' title='bbox 290 2687 437 2743; x_wconf 86' lang='lat' dir='ltr'>connexione,</span> <span class='ocrx_word' id='word_1_283' title='bbox 460 2688 484 2734; x_wconf 91' lang='lat' dir='ltr'>iu</span> <span class='ocrx_word' id='word_1_284' title='bbox 501 2687 565 2734; x_wconf 90' lang='lat' dir='ltr'>nullo</span> <span class='ocrx_word' id='word_1_285' title='bbox 583 2688 634 2733; x_wconf 85' lang='lat' dir='ltr'>fere</span> <span class='ocrx_word' id='word_1_286' title='bbox 649 2685 726 2733; x_wconf 90' lang='lat' dir='ltr'>ethico</span> <span class='ocrx_word' id='word_1_287' title='bbox 744 2684 838 2730; x_wconf 88' lang='lat' dir='ltr'>illorum</span> 
     </span>
     <span class='ocr_line' id='line_1_37' title="bbox 55 2753 838 2820; baseline -0.005 -18"><span class='ocrx_word' id='word_1_288' title='bbox 55 2772 98 2802; x_wconf 90' lang='lat' dir='ltr'>usu</span> <span class='ocrx_word' id='word_1_289' title='bbox 116 2753 265 2814; x_wconf 85' lang='lat' dir='ltr'>comprobari</span> <span class='ocrx_word' id='word_1_290' title='bbox 281 2756 359 2804; x_wconf 80' lang='lat' dir='ltr'>voluit,</span> <span class='ocrx_word' id='word_1_291' title='bbox 399 2759 452 2804; x_wconf 92' lang='lat' dir='ltr'>Non</span> <span class='ocrx_word' id='word_1_292' title='bbox 473 2766 536 2806; x_wconf 87' lang='lat' dir='ltr'>recte</span> <span class='ocrx_word' id='word_1_293' title='bbox 557 2758 626 2820; x_wconf 90' lang='lat' dir='ltr'>igitur</span> <span class='ocrx_word' id='word_1_294' title='bbox 646 2757 704 2804; x_wconf 90' lang='lat' dir='ltr'>visus</span> <span class='ocrx_word' id='word_1_295' title='bbox 729 2755 772 2800; x_wconf 90' lang='lat' dir='ltr'>sibi</span> <span class='ocrx_word' id='word_1_296' title='bbox 794 2754 838 2799; x_wconf 85' lang='lat' dir='ltr'>fuit</span> 
     </span>
     <span class='ocr_line' id='line_1_38' title="bbox 57 2822 838 2891; baseline -0.004 -21"><span class='ocrx_word' id='word_1_297' title='bbox 57 2822 124 2872; x_wconf 86' lang='lat' dir='ltr'>aliam</span> <span class='ocrx_word' id='word_1_298' title='bbox 141 2823 290 2888; x_wconf 86' lang='lat' dir='ltr'>proposuisse</span> <span class='ocrx_word' id='word_1_299' title='bbox 305 2828 461 2874; x_wconf 85' lang='lat' dir='ltr'>necessitatem</span> <span class='ocrx_word' id='word_1_300' title='bbox 477 2835 570 2891; x_wconf 90' lang='lat' dir='ltr'>praeter</span> <span class='ocrx_word' id='word_1_301' title='bbox 585 2829 705 2890; x_wconf 86' lang='lat' dir='ltr'>vulgarem</span> <span class='ocrx_word' id='word_1_302' title='bbox 721 2824 838 2870; x_wconf 86' lang='grc'><strong>11101110-</strong></span> 
     </span>
     <span class='ocr_line' id='line_1_39' title="bbox 57 2893 837 2958; baseline 0.004 -17"><span class='ocrx_word' id='word_1_303' title='bbox 57 2896 132 2955; x_wconf 87' lang='lat' dir='ltr'>gicam</span> <span class='ocrx_word' id='word_1_304' title='bbox 158 2893 322 2942; x_wconf 89' lang='lat' dir='ltr'>necessitatem.</span> <span class='ocrx_word' id='word_1_305' title='bbox 363 2896 478 2958; x_wconf 70' lang='grc'><strong>01011010</strong></span> <span class='ocrx_word' id='word_1_306' title='bbox 504 2899 647 2945; x_wconf 89' lang='lat' dir='ltr'>arbitrariam</span> <span class='ocrx_word' id='word_1_307' title='bbox 673 2894 837 2958; x_wconf 65' lang='lat' dir='ltr'>cogitationem</span> 
     </span>
     <span class='ocr_line' id='line_1_40' title="bbox 58 2963 837 3028; baseline 0.003 -20"><span class='ocrx_word' id='word_1_308' title='bbox 58 2967 128 3011; x_wconf 88' lang='lat' dir='ltr'>arceri</span> <span class='ocrx_word' id='word_1_309' title='bbox 145 2983 160 3012; x_wconf 88' lang='lat' dir='ltr'>a</span> <span class='ocrx_word' id='word_1_310' title='bbox 176 2963 382 3028; x_wconf 88' lang='lat' dir='ltr'>philosophando,</span> <span class='ocrx_word' id='word_1_311' title='bbox 410 2967 458 3015; x_wconf 92' lang='lat' dir='ltr'>hoc</span> <span class='ocrx_word' id='word_1_312' title='bbox 476 2975 550 3015; x_wconf 90' lang='lat' dir='ltr'>totum</span> <span class='ocrx_word' id='word_1_313' title='bbox 569 2970 655 3015; x_wconf 87' lang='lat' dir='ltr'>versari</span> <span class='ocrx_word' id='word_1_314' title='bbox 670 2967 694 3012; x_wconf 93' lang='lat' dir='ltr'>in</span> <span class='ocrx_word' id='word_1_315' title='bbox 711 2964 837 3027; x_wconf 89' lang='lat' dir='ltr'>cogitando</span> 
     </span>
    </p>
   </div>
   <div class='ocr_carea' id='block_1_3' title="bbox 0 0 873 3169">
    <p class='ocr_par' dir='ltr' id='par_1_4' title="bbox 0 0 873 3169">
     <span class='ocr_line' id='line_1_41' title="bbox 0 0 873 3169; baseline 0 0"><span class='ocrx_word' id='word_1_316' title='bbox 0 0 873 3169; x_wconf 95' lang='lat' dir='ltr'> </span> 
     </span>
    </p>
   </div>
  </div>
 </body>
</html>
