1732 3169
120 175 196 225 Rebus
207 175 287 217 leontini
295 177 353 217 intra
363 189 386 217 se
399 175 464 217 obviis
475 187 541 216 uectem
553 171 652 230 quiddam
663 172 741 215 subest.
787 168 823 216 43

107 297 139 344 A.
162 296 330 345 Secundae
346 292 463 362 poetis
474 296 571 360 potor·
590 295 751 359 quaestio:

261 381 293 426 de
308 380 455 427 necessitate
474 377 599 438 credendi,

183 467 237 500 esse
257 468 309 501 res
329 459 353 500 et
374 451 559 499 conivensr'totem
577 465 671 498 cerum.

385 554 410 621 q.
428 557 469 604 ro.

54 633 135 702 Quae
152 651 200 682 res
217 635 332 683 homini
351 639 491 684 videntur
508 637 597 684 intro
613 637 708 700 ipsum
723 652 802 693 esse,

63 704 100 749 iis
117 721 206 751 uuum
224 707 365 766 quiddam
383 709 506 754 subesse
523 709 699 755 censendum
715 704 795 768 est¹].

417 800 435 844 I.

90 872 172 933 Mens,
198 876 229 922 ad
246 892 310 923 suam
329 880 489 927 conscientiam
505 881 538 925 sni
555 878 650 935 reflexa,
678 877 761 923 multas
782 893 819 923 res

36 942 60 986 in
77 941 124 989 hac
139 944 218 990 obvias
239 945 322 1006 habet,
343 950 406 995 velut
425 949 527 997 actiones
551 954 573 994 et
593 947 727 994 affectiones
749 952 820 1006 atque

37 1012 159 1061 oriundam
182 1031 210 1062 ex
232 1015 268 1063 his
292 1019 446 1066 conditionem
467 1019 584 1081 quandam
599 1033 670 1066 suam.
706 1016 770 1074 eras
783 1032 820 1063 res

37 1100 91 1132 cum
107 1087 173 1134 sentit
190 1088 213 1134 in
230 1090 331 1153 seprius
348 1099 478 1154 praesentes
497 1097 519 1138 et
536 1107 597 1139 nunc
611 1089 753 1151 praeteritas,
771 1088 820 1135 hoc

36 1157 88 1219 ipso
108 1160 265 1222 compellitur,
288 1169 314 1208 ut
331 1164 423 1210 easdem
443 1163 474 1209 ad
493 1178 564 1209 unum
583 1161 703 1223 quoddam
724 1155 753 1208 cd
775 1155 820 1223 ἐγώ

36 1229 136 1287 referat,
154 1246 203 1277 sese
219 1232 291 1293 igitur
307 1232 332 1277 id
351 1250 399 1280 esse
415 1235 509 1296 cogitet,
528 1233 591 1280 cuius
607 1232 649 1277 sint
663 1232 725 1277 iliae.
760 1232 821 1277 Nam

36 1301 185 1361 compellitur
211 1303 242 1346 ad
266 1303 415 1363 cogitandam
435 1304 597 1363 mutationem,
623 1318 684 1361 qnae
704 1300 821 1348 acciderit.

36 1368 106 1416 Hanc
122 1385 169 1415 non
186 1376 263 1431 potest
281 1373 384 1434 cogitare
398 1374 508 1420 accidisse
525 1373 567 1419 nisi
582 1373 659 1434 posito
673 1387 720 1417 uno
736 1372 821 1430 aliquo,

36 1438 76 1483 vel
93 1439 131 1484 oui
145 1445 168 1485 et
184 1441 208 1485 in
225 1455 272 1500 quo
290 1441 351 1489 haec
369 1443 479 1489 acciderit
500 1444 538 1488 vel
556 1457 600 1503 per
622 1441 686 1500 quod
705 1440 820 1486 acciderit.

35 1507 123 1565 Nequit
140 1509 200 1553 enim
214 1525 279 1556 mens
297 1512 400 1570 cogitare
417 1512 459 1558 nisi
477 1512 541 1570 quod
559 1512 598 1564 sit3
613 1511 660 1554 sive
673 1510 721 1554 hoc
733 1511 764 1552 ita
779 1515 820 1566 est,

36 1581 63 1619 ut
82 1575 166 1621 eodem
182 1578 206 1621 in
224 1583 283 1622 statu
299 1579 430 1639 perstiterit,
448 1581 495 1624 sive
511 1580 550 1634 ita,
568 1585 593 1622 ut
611 1579 681 1622 alium
697 1578 721 1621 in
736 1582 820 1622 statum

36 1645 169 1691 translatum
187 1647 222 1692 sit.
254 1647 340 1707 Nequit
353 1649 462 1710 cogitare,
478 1648 611 1709 simpliciter
624 1652 646 1691 et
659 1646 764 1691 absolute
780 1662 820 1692 ac-

37 1714 125 1772 cidere3
142 1717 174 1763 ita
191 1715 293 1779 quidem,
309 1724 334 1765 nt
348 1718 407 1766 nihil
424 1724 463 1765 aut
478 1719 554 1776 fuerit,
572 1717 628 1764 dum
643 1717 765 1777 accideret,
781 1721 820 1763 aut

36 1788 138 1835 futurum
160 1789 199 1848 sit,
225 1797 377 1852 posteaquam
400 1791 514 1839 acciderit.
550 1791 633 1852 Neque
649 1789 733 1853 igitur,
759 1804 821 1850 quae

35 1859 95 1904 intus
112 1859 202 1906 homini
219 1861 302 1907 obviae
319 1868 371 1909 sunt
392 1863 492 1911 actiones
515 1861 688 1919 affectionesre,
713 1860 822 1909 accidisse

36 1929 142 1976 videriei
156 1937 258 1992 possunt,
276 1933 331 1992 quin
349 1934 437 1993 aliquid
455 1934 485 1979 ab
502 1932 539 1980 his
557 1933 672 1979 diversum
690 1932 766 1976 autin
783 1932 821 1977 iis-

37 1998 93 2045 dem
114 1998 150 2046 his
171 2002 294 2048 substiterit
316 2009 355 2049 aut
374 2010 428 2066 post
452 2003 545 2051 easdem
560 2004 664 2050 futurum
680 2002 708 2048 sit
724 2008 750 2048 ut
766 2002 820 2047 sub-

38 2070 108 2117 sistat.
541 2121 544 2133 Ἴ,

89 2138 196 2185 Modus
213 2141 240 2199 is,
257 2157 304 2201 quo
319 2141 422 2188 subsistat
436 2140 485 2189 hoc
500 2158 578 2201 unum,
595 2141 716 2202 triplici
732 2139 820 2185 ratione

36 2208 94 2271 fingi
110 2215 194 2270 potest.
230 2210 310 2257 Unum
326 2212 386 2257 istud
402 2213 420 2256 si
437 2213 520 2258 dicitur
536 2228 583 2257 esse
597 2226 633 2255 res
648 2209 761 2269 quaedam
776 2226 820 2270 per

37 2292 63 2322 se
89 2279 223 2338 subsistens,
249 2281 346 2326 varietas
368 2282 484 2326 actionum
507 2281 683 2326 affectionumve
706 2279 820 2323 censenda

38 2351 72 2390 est
89 2345 223 2391 conditionis
241 2349 297 2406 eius,
314 2350 338 2393 in
356 2365 402 2407 qua
419 2349 501 2394 eadem
516 2349 576 2394 haec
586 2363 621 2392 res
631 2347 667 2402 sit,
679 2346 821 2393 vicissitudo.

37 2484 160 2524 maticormn
173 2487 253 2533 eastra,
269 2487 292 2521 ut
307 2483 397 2524 noluerit
410 2482 477 2525 videri
491 2482 608 2523 criticorum
625 2481 685 2534 signa
698 2479 820 2522 deseruisse.

36 2544 132 2584 Alterum
147 2542 208 2581 illum
224 2539 312 2581 modum
325 2555 357 2582 res
375 2545 431 2597 ipsas
447 2541 566 2583 inveniendi
580 2547 680 2595 tanquam
691 2554 719 2580 ex
733 2545 820 2582 mortuis

39 2603 137 2643 evocavit.
167 2600 261 2640 Cernitur
272 2600 329 2639 enirn
341 2602 377 2640 ille
391 2604 415 2641 in
431 2600 478 2652 hoo,
492 2608 515 2642 ut
526 2614 553 2642 ex
566 2600 700 2654 causulilege
711 2604 820 2655 squasiex-

39 2667 158 2716 torqueatur
172 2672 248 2710 rerum,
263 2671 316 2713 qnae
329 2662 381 2712 sint,
400 2661 511 2700 necessitas
528 2673 551 2699 ac
566 2665 647 2699 nunna.
673 2660 754 2700 -Vemm
764 2659 819 2697 enim

39 2734 88 2760 vero
98 2719 218 2758 Hermesius
233 2717 317 2771 quidem
331 2720 418 2758 minime
431 2718 527 2770 ostendit,
546 2731 590 2758 non
605 2733 667 2773 posse
683 2719 704 2757 in
716 2717 819 2764 infinitum

40 2779 91 2829 fieri,
102 2784 125 2817 ut
136 2789 197 2829 causa
207 2776 256 2826 eins,
263 2775 318 2829 [quod
329 2776 424 2816 videatur
435 2790 479 2817 esse
489 2790 512 2816 ac
520 2790 564 2817 norr
574 2777 608 2829 sit,
616 2779 662 2832 ipsa
670 2776 763 2815 videatur
774 2775 824 2813 esse

41 2850 64 2876 ac
76 2850 119 2877 non
129 2837 161 2885 sit,
172 2841 233 2888 atque
245 2832 296 2872 adeo
305 2835 328 2872 in
341 2835 419 2874 cunctis
428 2834 469 2887 his,
477 2849 530 2891 quae
542 2833 640 2877 videntur
648 2846 746 2887 esse,non
754 2832 819 2886 prod-

42 2901 75 2933 eat
85 2895 127 2934 nisi
139 2894 188 2943 eius,
199 2891 254 2946 quod
264 2892 334 2945 ipsum
344 2891 439 2933 videatur
452 2907 504 2948 esse,
518 2894 645 2951 significatio.

86 2975 109 3029 1)
123 2977 217 3020 Hermes.
227 2974 243 3015 l.
253 2987 271 3013 c.
279 2986 327 3028 pag·
337 2974 469 3019 267-316.
