1732 3169
69 172 104 219 32
172 176 316 231 Philosophiae
325 175 433 216 Hermesta·
443 174 497 214 Pure
507 174 525 215 Ι.
537 173 636 226 Quaestio
645 175 676 217 IL
690 172 708 229 ξ.
715 175 735 215 7.

67 302 132 362 pium
149 312 176 344 ac
193 297 285 356 quaevis
306 295 364 341 ratio
386 295 572 357 philosophandi
593 303 671 359 potest
693 298 848 361 comprobari.

65 371 129 416 Prius
148 372 230 422 autem,
249 383 318 427 quem
333 367 414 413 locum
435 367 514 412 ethicis
534 368 558 413 in
579 383 604 414 re
627 369 666 413 vel
683 369 849 432 philosophici

65 440 101 486 vel
117 436 250 497 theologici
267 438 401 484 Hermcsius
417 438 528 496 tribuerit,
545 438 672 485 videndum
690 446 729 486 est.

88 599 117 646 Β,
135 597 241 645 Primae
246 600 335 663 portia
344 600 472 667 pos-terior
485 601 609 662 quaestio:
629 601 661 648 de
673 599 818 648 arbitrandi

162 679 164 683 ’
399 672 504 717 ratione.

420 758 445 825 q.
464 762 487 810 1.

99 840 142 886 De
163 840 295 887 universi
318 845 438 904 generis
462 843 630 892 ethicorum
653 837 793 904 natural).

112 935 220 982 Versatur
237 933 277 982 hic
294 934 360 983 locus
378 937 402 983 in
416 937 553 985 inveniendo
567 939 632 985 fonte
650 943 673 985 et
690 943 742 984 ortu
757 934 847 982 ethicae

61 1007 196 1054 necessitatis
216 1007 297 1068 ipsius3
324 1007 347 1053 in
365 1025 411 1069 qua
431 1010 563 1057 necessitate
581 1017 662 1055 natura
683 1015 706 1055 et
728 1007 848 1068 disciplina

62 1078 189 1125 ethicorum
205 1079 310 1126 consistit.
345 1080 381 1127 Ac
399 1080 515 1127 fontem
531 1080 625 1141 quidem
643 1079 774 1126 Hermesius
792 1078 848 1123 dixit

62 1149 134 1195 solam
151 1156 252 1195 mentem
269 1149 352 1196 modos
375 1152 461 1212 agendi
483 1152 646 1213 imperantem3
674 1151 778 1211 corporis
795 1165 847 1193 sen-

62 1236 173 1280 suumque
189 1222 301 1266 rationem
320 1236 347 1266 ex
363 1221 432 1267 fontis
450 1221 578 1268 ethicorum
596 1222 726 1284 cognitione
745 1220 847 1266 exclusit.

62 1290 158 1336 Secutus
173 1290 196 1335 in
213 1290 261 1337 hoc
278 1291 334 1349 fuit,
360 1308 430 1351 quam
450 1293 543 1352 quidem
562 1294 668 1351 finxerat,
692 1292 846 1336 diversitatem

60 1367 154 1406 naturae
166 1362 246 1406 mentis
260 1367 282 1406 et
293 1377 410 1417 sensuum3
427 1364 574 1423 conspicuam
591 1364 654 1407 illam
671 1364 695 1407 in
708 1362 795 1407 ratione
811 1360 845 1415 ei,

60 1445 106 1489 qua
122 1445 174 1476 curn
191 1432 260 1476 rebus
277 1431 314 1476 vel
328 1446 391 1477 mens
408 1434 446 1477 vet
463 1449 539 1479 sensus
550 1434 724 1480 continerentur.
751 1432 845 1485 Natura,

59 1499 137 1559 inquit,
156 1515 262 1545 sensuum
280 1506 302 1545 et
319 1502 399 1546 mentis
416 1503 468 1559 fert,
486 1510 510 1548 ut
527 1503 595 1549 huius
612 1503 639 1547 sit
657 1508 680 1547 et
694 1502 787 1546 illorum
799 1516 845 1544 non

59 1569 98 1627 sit,
124 1572 262 1616 necessarios
279 1570 335 1615 fines
353 1571 467 1617 honorum
485 1573 616 1634 propositos
635 1572 723 1617 habere
746 1577 768 1615 et
790 1569 844 1614 hinc

58 1639 123 1701 leges
141 1640 225 1702 agendi
242 1640 374 1686 hominibus
392 1641 459 1688 ferre.
495 1644 579 1690 Sensus
595 1643 667 1699 enirn,
689 1656 782 1703 prorsus
801 1640 844 1685 de-

58 1711 127 1754 stituti
144 1712 253 1757 facultate
271 1713 426 1772 cognoscendi
443 1729 519 1759 rerum
537 1715 666 1770 veritatem,
684 1728 732 1757 non
749 1715 844 1771 possunt

59 1780 152 1840 cogniti
168 1780 251 1825 harum
268 1785 348 1827 naturi
370 1788 392 1827 et
413 1782 523 1844 dignitate
541 1791 579 1829 aut
596 1782 683 1829 moveri
701 1782 731 1827 ad
749 1781 844 1842 cupien-

59 1849 116 1894 dum
134 1865 171 1894 eas
189 1856 228 1895 aut
244 1851 277 1894 uti
294 1851 324 1894 ad
342 1854 505 1911 capessendam
523 1870 577 1900 suae
593 1853 790 1913 concupiscentiae
803 1867 843 1896 au-

58 1919 193 1965 ctoritatem.
230 1919 306 1965 Caeco
324 1920 464 1981 fortuitoque
480 1924 569 1984 impetu
586 1926 701 1980 feruntur,
729 1921 843 1982 quemad-

57 1989 154 2034 modum
171 1990 195 2034 vi
209 1990 303 2035 fortuiti
320 2005 397 2035 rerum
411 1991 528 2040 feriuntur.
563 1994 631 2039 Mens
646 2008 712 2049 vero,
737 1991 843 2053 praedita

56 2059 165 2105 facultate
184 2060 340 2121 cognoscendi
356 2075 441 2119 verum,
460 2078 488 2107 ex
505 2065 602 2124 cognitis
621 2080 634 2107 a
650 2079 674 2108 se
689 2063 757 2107 rehus
773 2077 843 2121 repe-

55 2130 83 2174 tit
101 2135 123 2174 et
140 2130 197 2175 fines
213 2131 328 2175 bonorum
345 2133 509 2191 proponendos
527 2140 550 2179 et
564 2134 720 2180 auctoritatem
734 2131 843 2192 proposi-

55 2203 138 2247 torum.
174 2200 252 2259 Atque
270 2200 330 2244 adeo
347 2201 421 2260 ipsam
433 2208 532 2247 mentem
544 2218 590 2247 uno
601 2203 649 2248 hoc
660 2202 760 2256 nomine,
778 2200 842 2259 quod

55 2267 152 2328 imperat
169 2270 251 2314 modos
269 2269 362 2330 agendi,
380 2270 468 2314 fontem
485 2272 621 2318 necessitatis
639 2271 728 2316 ethicae
744 2270 790 2315 dici
806 2270 841 2314 fas

57 2343 95 2382 est.
132 2338 208 2393 Quam
225 2341 310 2385 iactant
324 2345 363 2382 aut
378 2340 531 2398 „moralem“
550 2347 588 2386 aut
606 2341 753 2400 „practicam
770 2340 842 2383 ratio-

55 2409 130 2462 116111,“
150 2423 176 2452 ea
194 2423 239 2452 non
257 2409 303 2453 fert
320 2408 361 2453 nisi
379 2415 418 2453 aut
433 2411 566 2469 sapientiam
585 2417 623 2454 aut
638 2410 790 2470 prudentiam.
827 2410 829 2413 ’

107 2477 158 2520 Non
174 2478 262 2524 viderat
279 2478 424 2534 Hermeios,
452 2481 520 2524 fontis
538 2480 666 2527 ethicorum
684 2479 840 2540 cognitionem

54 2544 178 2603 complecti
197 2553 289 2593 totam
307 2547 437 2593 hominis
455 2557 598 2599 naturam.
634 2550 688 2611 Ipsa
705 2548 780 2594 ethica
794 2562 840 2591 non

53 2615 76 2658 iu
100 2613 197 2657 honesto
214 2619 349 2663 continenda
367 2624 429 2675 sunt,
456 2621 495 2664 sed
518 2621 558 2665 illo
577 2621 644 2676 loeo,
669 2621 691 2663 in
709 2617 839 2678 quolatius

51 2692 132 2747 patent
150 2685 180 2729 ad
192 2687 315 2735 universam
326 2690 426 2735 hominis
439 2692 588 2748 voluntatem,
606 2690 721 2739 habenda.
757 2689 840 2747 Neque

52 2773 116 2805 secus
131 2756 200 2814 foret,
219 2755 238 2801 si
253 2766 309 2805 esset
326 2761 367 2807 sita
384 2762 408 2807 in
424 2778 499 2810 rerum
517 2763 649 2825 cognitione
667 2760 739 2806 omnis
750 2757 838 2806 ethico-

52 2842 102 2874 rum
119 2829 184 2876 ratio.
208 2826 304 2897 'Sensus
319 2846 365 2877 non
380 2833 425 2893 ipsi
443 2836 538 2895 quidem
555 2850 591 2880 res
609 2836 763 2896 cognoscunt3
781 2829 837 2874 hine

96 2967 118 3020 1)
138 2968 228 3009 Hermes.
245 2969 260 3010 1.
271 2981 288 3007 c.
305 2970 405 3021 pag-199
418 2994 441 3001 -
456 2975 505 3017 212.
