1732 3169
263 201 302 246 De
313 205 432 247 theoreticis
445 209 467 246 et
478 204 586 260 practicis·
803 195 819 240 7

30 329 129 391 dignitas
147 333 241 374 naturae
255 327 377 386 humanae,
396 343 456 388 quae
474 328 503 373 ad
521 326 590 372 denm
607 324 671 386 quasi
685 321 818 370 revocanda

30 408 70 455 est,
87 406 136 444 tum
154 399 259 457 debilior,
277 416 346 459 quarn
364 400 452 460 flagitat
467 397 612 443 imbecillitas
628 396 738 451 eiusdem,
757 408 817 454 quae

29 469 125 514 fortiore
144 469 256 515 divinavi
273 470 402 530 superanda
421 474 459 512 est.
498 467 616 512 Colendae
639 467 730 512 ethicae
748 469 817 509 natu-

28 555 68 584 rae
86 540 223 586 errrriculum
244 555 287 600 per
309 541 375 583 istam
398 538 479 597 legem
502 537 693 582 circumscribitur
712 535 816 580 terminis

28 609 94 654 huius
112 617 191 655 terrae.
229 609 330 655 Omnino
347 623 393 652 non
415 613 511 666 possunt
528 606 672 665 immediata,
693 622 754 665 quae
778 606 816 648 ia-

29 686 123 736 ctantur,
139 679 242 740 practica
257 678 371 737 principia
387 677 410 720 in
430 675 505 720 divinit
526 675 656 721 humanave
674 676 815 722 institutione

28 750 130 810 reperiri.
150 750 216 793 ‘Nec
236 748 326 792 nativae
349 761 392 792 nec
410 746 519 806 singulari
536 746 607 790 modo
626 763 640 790 a
658 746 703 792 deo
722 746 752 790 ad
768 745 814 789 hn-

29 822 100 864 mines
116 818 219 878 perlatae
237 816 305 861 ideae
323 815 413 860 ethicae
432 831 480 860 esse
496 823 603 876 possunt,
628 832 687 875 quae
705 822 814 875 tanquam

29 891 92 950 leges
116 886 248 947 simpliciter
268 886 381 946 imperent
402 885 518 945 quendam
543 886 654 931 sentiendi
681 887 814 948 agendique

32 958 133 1003 modum.
169 956 280 1015 Imperari
298 972 343 1001 nou
365 962 442 1016 potest
459 957 501 1000 nisi
519 957 621 1017 cognitio
640 957 814 1015 aestirnatioqne

29 1043 105 1072 rerum
124 1041 214 1082 earum,
236 1026 317 1084 quibus
336 1026 461 1070 stabiliatur
482 1027 593 1071 sentiendi
613 1027 745 1087 agendique
759 1039 813 1070 mo-

29 1098 77 1142 dus.
95 1122 131 1129 -
148 1097 188 1142 Sic
206 1096 305 1154 denique
327 1097 431 1141 uniuersa
450 1095 536 1150 ethice,
557 1103 582 1140 ut
599 1112 643 1156 par
660 1102 700 1152 est,
719 1110 766 1140 non
785 1110 814 1139 ex

33 1167 99 1210 alieni
116 1164 157 1210 sed
172 1181 200 1211 er
217 1166 251 1210 sni
269 1166 360 1226 generis
378 1165 454 1221 rebus,
471 1180 500 1210 ex
518 1165 599 1211 divinis
615 1165 736 1211 derivatur.
763 1164 814 1209 Ea-

29 1236 82 1280 dem
100 1236 199 1294 proinde
217 1235 358 1295 appellanda
374 1240 407 1280 est
422 1235 515 1279 moralis
524 1234 645 1296 theologia
655 1236 732 1294 potius
744 1249 814 1293 quam

28 1302 213 1365 philosophialj.

79 1373 186 1430 Causa,
216 1388 256 1419 cur
278 1374 310 1420 sic
334 1372 364 1418 de
386 1371 435 1418 hoc
457 1372 512 1418 loeo
535 1372 750 1428 existimaverimus,
777 1373 815 1416 vel

30 1442 161 1503 physica
178 1443 217 1488 vel
235 1442 333 1488 ethica
351 1442 400 1488 fuit
436 1443 564 1487 Primum
585 1444 646 1487 enim
664 1442 763 1486 rationes
775 1442 814 1485 ol-

28 1513 134 1558 liciorum
153 1518 175 1557 et
194 1513 272 1558 officia
289 1527 335 1556 non
351 1518 409 1567 sunt,
424 1512 466 1555 nisi
483 1511 570 1556 habent
588 1528 616 1557 er
634 1527 681 1571 quo
699 1511 813 1557 ducantur

28 1588 51 1625 et
69 1581 100 1624 ad
111 1581 175 1639 quod
187 1581 320 1625 referantur.
355 1582 409 1624 Non
422 1580 511 1624 habent
528 1588 610 1636 autem,
629 1581 671 1624 nisi
688 1595 724 1625 res
743 1596 814 1639 quas-

28 1650 83 1693 dam
98 1650 181 1694 0btulit
198 1648 325 1694 theoretica
343 1649 470 1709 disciplina,
485 1665 545 1708 quae
563 1650 613 1694 sola
625 1655 703 1710 potest
719 1649 812 1695 offerre.

27 1719 96 1762 Mens
118 1733 210 1764 necesse
233 1725 266 1763 est
288 1718 398 1764 obiecerit
427 1719 502 1763 animo
530 1714 559 1764 111
584 1714 742 1781 θεωρούμενα
765 1736 813 1764 sua.

28 1788 122 1832 Animus
140 1787 247 1846 deinceps
265 1787 295 1831 ad
315 1786 398 1831 harum
416 1803 492 1832 rerum
510 1794 614 1833 naturam
633 1795 656 1834 et
673 1794 814 1848 potestatem

28 1858 88 1900 ultro
105 1872 154 1901 sese
168 1858 277 1917 applicat,
296 1856 422 1916 componit,
439 1858 513 1918 lingit,
531 1858 554 1901 in
564 1858 691 1915 sentiendo,
704 1858 814 1917 volendo,

28 1925 128 1986 agendo.
147 1952 182 1961 —
199 1926 314 1971 Deinde
338 1926 438 1971 ethicam
461 1927 597 1988 dignitatem
619 1927 708 1974 habere
726 1943 754 1974 ac
771 1943 813 1973 ro-

27 1997 85 2040 bore
101 1994 178 2040 valere
195 1996 267 2055 pietas
291 2003 313 2040 et
334 1995 442 2041 honestas
463 2012 510 2041 non
530 2004 618 2057 potest,
650 2014 696 2043 non
714 1998 813 2058 cognitis

28 2064 193 2124 aestimatisque
216 2066 245 2110 ab
267 2065 317 2124 ipso
341 2065 436 2110 homine
456 2068 524 2111 rebus
545 2069 603 2123 illis,
625 2068 649 2112 in
672 2068 754 2127 quibus
772 2082 811 2111 ra-

28 2135 99 2178 tiones
118 2140 140 2178 et
158 2150 239 2180 causae
254 2135 344 2194 pietatis
366 2142 388 2180 et
410 2135 535 2182 honestatis
555 2138 610 2182 sitae
628 2143 684 2181 sunt.
721 2136 812 2197 Cogni-

28 2204 55 2246 tis
73 2208 150 2247 autem
165 2205 338 2262 aestimatisque,
357 2205 417 2248 ultro
436 2206 507 2250 robur
525 2221 553 2251 ac
571 2206 668 2266 dignitas
686 2206 775 2264 pietatis
789 2212 812 2251 et

27 2270 151 2316 honestatis
168 2275 321 2332 consequitur,
362 2274 443 2332 Itaque
465 2275 538 2319 omnis
561 2275 651 2320 ethicae
672 2276 760 2319 virtutis
785 2290 813 2320 ac

28 2340 143 2400 dignitatis
158 2343 216 2387 ratio
235 2342 439 2404 comprehenditur
456 2344 630 2390 accommodata
644 2344 674 2389 ad
693 2345 813 2407 cognitam

29 2410 215 2471 aestimatamque
236 2428 312 2459 rerum
334 2421 438 2459 naturam
464 2416 533 2460 animi
556 2415 674 2460 voluntate
701 2421 724 2461 et
752 2416 813 2463 vitae

28 2479 124 2524 actione.

28 2584 169 2591 .-..——-—-

74 2636 96 2687 1)
111 2637 170 2686 Hinc,
182 2642 206 2674 ut
217 2634 242 2675 de
255 2634 377 2690 theologicis
389 2640 510 2694 singulatim
522 2638 609 2691 dicatur,
623 2641 696 2696 quide
711 2646 808 2697 religione

29 2695 134 2748 praecipit,
150 2694 168 2732 is
184 2707 227 2732 non
245 2696 362 2734 universam
378 2696 505 2749 theologiam
518 2701 668 2753 complectitur,
685 2701 721 2741 sed
733 2704 755 2739 in
766 2700 807 2738 mni

30 2751 120 2808 quadam
131 2752 232 2804 practicae
242 2751 358 2806 theologiae
372 2763 430 2808 parte
447 2757 570 2797 continetur.
599 2760 692 2798 Praetiea
704 2757 807 2808 theologia

30 2819 51 2851 et
58 2818 101 2851 tota
110 2817 130 2849 et
138 2824 175 2849 sna
185 2817 256 2863 sponte
266 2820 374 2863 promanat
381 2826 408 2852 ex
417 2811 588 2865 theoreticam
598 2819 687 2857 naturali
695 2819 737 2856 sive
746 2828 807 2855 reve-

29 2870 79 2908 lata.
108 2871 154 2909 Non
164 2877 195 2908 est
205 2882 232 2907 ex
243 2868 316 2910 ethicis
326 2869 359 2909 dei
373 2870 477 2912 mandatis
488 2875 613 2928 quibusdam
622 2871 756 2925 congerenda,
770 2872 809 2914 sed

32 2940 59 2965 ex
68 2926 185 2968 theoreticis
195 2931 308 2982 praeceptis
319 2930 361 2969 sire
373 2929 484 2970 hominnm
494 2935 538 2973 sive
548 2934 582 2973 dei
591 2930 706 2972 derivanda.
735 2934 808 2987 Inepte

32 2985 87 3037 apud
97 2985 204 3041 theologos
215 2988 356 3029 circumfertur
367 2990 429 3029 etiam
439 2994 529 3045 practica
541 2992 629 3034 revelata
639 2988 750 3043 theologia.
