1732 3169
94 178 129 220 De
146 178 249 221 notaret
267 178 303 223 dei
319 180 492 225 theoreticis
509 195 537 224 es
552 181 621 223 causis
632 177 761 223 necessarii.
797 170 832 221 51

45 317 100 347 vero
123 303 190 349 etiam
212 304 252 352 sui
277 304 377 366 quadam
404 306 494 352 ratione
518 306 654 353 dualismum
679 300 831 365 propulsavit.

44 371 108 418 Dixit
125 374 232 434 quidem,
259 390 365 438 pugnare
386 375 445 423 inter
468 392 517 423 sese
539 378 713 424 substantiarum
739 373 832 419 ill-arum

46 445 174 503 essentiam,
191 445 303 507 siquidem
313 446 373 494 haec
387 448 619 509 aeternafingeretur,
637 454 660 494 et
673 445 831 500 mutationem,

45 531 105 573 quae
128 517 211 562 iisdem
232 517 255 562 in
282 518 397 569 creatione
418 534 461 579 per
478 518 553 563 adeum
576 518 687 565 accidisse
708 516 830 562 diceretur.

45 585 105 631 Tres
122 587 183 633 enim
204 588 333 633 mutationis
350 587 433 633 modos
454 588 514 649 fingi
530 603 609 649 posse,
638 587 778 647 eosdemque
800 584 831 629 ad

46 670 116 701 unum
138 672 217 702 omnes
243 657 328 702 alienos
349 658 417 703 luisse
435 657 553 705 contendit
572 674 586 702 a
602 662 681 704 naturai
700 658 738 702 vel
755 660 831 701 aeter-

45 740 125 771 narum
147 727 322 772 substantiarum
344 727 383 771 vel
404 742 523 788 supremae
541 743 623 774 causae
644 729 681 773 vel
704 725 831 773 creationis.

45 795 98 840 Non
116 801 150 841 est
166 811 221 841 vero
239 795 279 840 ita.
326 796 428 841 Primum
446 797 540 842 enimsi
558 799 608 858 quis
625 798 736 843 rationem
753 802 831 841 muta-

45 864 111 909 tionis
134 871 278 910 aeternarum
298 866 470 912 substantiarum
491 867 515 912 in
536 867 668 914 necessitate
690 867 729 922 eia,
761 879 831 925 quam

44 940 125 979 natura
143 950 264 995 supremae
282 948 363 981 causae
381 935 464 982 afferre
482 937 588 995 creditur,
606 938 671 981 sitam
687 936 758 981 fnisse
774 949 831 980 een-

45 1010 89 1050 set:
116 1003 156 1051 hic
173 1005 265 1050 minime
285 1012 375 1066 pugnat
392 1021 445 1052 oum
463 1007 571 1066 essentiae
587 1006 678 1051 illarum
695 1003 831 1050 substantia-

44 1089 97 1118 rum
112 1074 203 1119 aeterni
220 1075 360 1121 necessitate.
396 1076 456 1121 Nam
474 1076 517 1120 ista
534 1077 629 1121 mutatio
647 1076 678 1120 ad
695 1075 778 1119 modos
796 1088 832 1118 es-

45 1144 141 1202 sentiae,
167 1159 213 1190 non
231 1144 262 1189 ad
277 1145 395 1190 essentiam
411 1146 486 1205 ipsam
503 1146 636 1205 pertinuisse
653 1144 741 1189 dicitur.
776 1143 832 1187 Non

45 1218 79 1258 est
96 1218 180 1270 autem,
198 1228 239 1259 cnr
249 1229 277 1258 ea
285 1214 429 1275 potissimum
444 1215 535 1259 illarum
545 1215 723 1259 substantiarum
735 1213 831 1275 essentia

45 1282 116 1327 fuisse
134 1283 283 1338 existimetur,
313 1297 373 1342 quae
395 1283 471 1327 modis
488 1283 556 1328 variis
573 1283 667 1342 prodire
681 1281 730 1325 ‘non
747 1287 832 1340 posset

44 1351 136 1396 Deinde
152 1353 170 1396 si
191 1352 241 1410 quis
258 1352 369 1397 rationem
386 1352 514 1397 mutationis
531 1352 704 1398 substantiarum
721 1351 744 1395 in
761 1350 833 1394 liber·

43 1426 90 1466 tate
107 1436 229 1483 supremae
246 1437 329 1468 causae
346 1420 411 1467 sitam
427 1422 497 1469 fuisse
514 1428 601 1469 censet:
619 1420 659 1468 hic
675 1421 768 1466 minime
784 1433 832 1479 pu-

44 1496 101 1553 gnat
124 1505 177 1536 curn
193 1491 330 1536 immutabili
353 1490 420 1536 huius
443 1491 529 1537 natura
577 1493 639 1536 Nam
662 1506 708 1536 non
732 1495 766 1533 est
790 1503 832 1534 cur

44 1562 139 1607 mutatio
161 1561 193 1608 ad
215 1562 354 1607 voluntatem
379 1561 418 1608 dei
438 1561 571 1624 pertinuisse
588 1561 683 1611 dicatur.
727 1557 832 1606 Potuisse

46 1632 93 1677 duo
111 1631 154 1678 sibi
169 1631 267 1678 invicem
286 1632 398 1679 contraria
412 1632 435 1677 in
451 1632 532 1678 eidem
550 1632 642 1679 aeterni
658 1632 697 1678 dei
714 1631 832 1676 voluntate

44 1702 224 1764 comprehendi,
249 1702 279 1748 ab
296 1703 347 1765 ipso
366 1703 485 1749 Hermesio
503 1704 642 1765 accepimus.
678 1702 740 1748 Huic
762 1702 831 1757 enim,

44 1789 90 1834 quo
109 1775 248 1821 creationem
266 1788 295 1819 ex
320 1773 394 1818 nihilo
424 1775 510 1821 factam
534 1774 681 1829 defenderet,
703 1788 749 1817 non
767 1771 832 1817 vide-

43 1847 111 1890 batur
130 1845 227 1890 mutatio
251 1845 272 1889 ei
289 1843 334 1889 deo
352 1844 474 1903 accidisse,
500 1845 540 1905 qui
562 1845 592 1890 ab
609 1851 701 1890 aeterno
724 1842 832 1888 voluisset

44 1917 122 1977 primo
138 1930 184 1961 non
200 1931 255 1970 esse,
273 1914 382 1976 deinceps
397 1932 452 1962 vero
471 1932 520 1962 esse
538 1915 626 1976 aliquas
640 1921 732 1977 praeter
745 1929 769 1959 se
779 1913 832 1958 suh-

44 1987 142 2041 stantias.
186 1985 295 2033 Similiter
311 1992 389 2047 potest
405 1986 478 2033 videri
494 1988 591 2032 mutatio
609 2001 655 2032 non
677 1984 786 2032 accidisse
806 1983 831 2027 in

42 2057 96 2114 deo,
114 2058 132 2102 si
145 2056 186 2103 hic
203 2058 235 2102 ab
252 2062 344 2103 aeterno
362 2058 460 2103 voluerit
473 2058 523 2104 illas
541 2058 674 2103 substantias
691 2056 766 2116 primo
783 2068 831 2098 non

22 2121 23 2124 '
45 2127 154 2188 adipisci,
182 2126 266 2172 deinde
283 2141 338 2173 vero
356 2127 451 2190 adipisci
468 2129 591 2173 modorum
610 2126 716 2172 esseutiae
732 2124 831 2169 varieta-

44 2203 99 2246 tem.
146 2197 252 2257 Denique
274 2197 293 2243 si
314 2197 364 2258 quis
390 2199 540 2245 mutationem
562 2196 734 2242 substantiarum
755 2195 830 2255 ipsam
859 2229 861 2233 ,

44 2272 163 2312 aeternam
177 2268 247 2313 fuisse
264 2274 353 2314 censet:
371 2268 411 2315 hic
425 2284 471 2314 non
484 2273 560 2330 potest
573 2266 642 2312 allati
657 2264 756 2325 quadam
766 2279 830 2309 erea-

44 2337 111 2382 tionis
134 2337 228 2382 notione
248 2338 330 2383 refelli.
378 2339 438 2385 Sane
464 2343 580 2398 nequeunt
600 2336 688 2397 primae
715 2334 831 2394 quaedam

45 2422 127 2452 causae
143 2406 167 2450 in
178 2406 292 2451 finitarum
309 2408 390 2452 mnndi
404 2423 522 2454 causarum
539 2421 634 2452 numero
647 2404 751 2465 reperiri,
768 2405 787 2449 si
800 2404 831 2449 ab

45 2483 137 2522 aeterno
153 2475 235 2520 exstitit
248 2477 350 2521 mutatio.
387 2479 419 2523 Ar
433 2477 481 2524 hoc
493 2477 586 2536 quidem
601 2491 646 2520 non
659 2474 765 2535 impedit,
783 2490 831 2534 quo

44 2547 117 2591 minus
139 2545 228 2591 dicatur
252 2545 282 2589 ab
305 2550 397 2590 aeterno
427 2548 533 2592 exstitisse
559 2546 601 2590 ista
623 2545 727 2592 mutatio.
771 2545 830 2589 Nam

44 2616 84 2675 qui
101 2614 256 2660 aeternitatem
275 2615 406 2659 mutationis
426 2631 456 2662 ac
471 2615 551 2661 mundi
569 2613 638 2671 dixit,
665 2614 729 2660 idem
745 2613 830 2674 primas

45 2700 122 2731 causas
144 2690 167 2728 et
184 2682 303 2729 exordium
327 2685 407 2729 mnndi
430 2686 525 2732 sustulit.
560 2685 615 2730 Non
635 2691 713 2748 potest
733 2683 829 2726 alterum

44 2755 129 2812 horum
147 2752 219 2797 altero
240 2752 340 2796 refutari.

96 2821 201 2869 Tertio
218 2820 320 2879 quodam
336 2820 359 2864 in
376 2821 431 2867 loco
445 2821 657 2869 movitHermesius
674 2818 831 2880 quaestionem

49 2893 79 2938 de
97 2891 197 2951 modo,
220 2905 277 2949 quo
302 2889 375 2935 deus
398 2891 434 2936 sit
451 2898 480 2937 et
497 2893 650 2939 subsistat.
685 2889 723 2934 Ad
744 2888 829 2932 exitum

51 2977 107 3008 vero
125 2978 176 3007 eam
191 2975 237 3007 non
255 2959 370 3023 perduxit,
390 2961 499 3022 quoniam
513 2961 562 3009 hoe
579 2976 624 3007 non
638 2960 666 3005 sit
679 2957 832 3006 necessarium
