1732 3169
107 193 142 234 De
154 194 284 238 theoreti
290 196 322 238 cci
334 199 461 240 necessitate
474 196 581 250 credendi,
595 212 659 240 esse
672 198 742 240 deam.
788 193 823 240 49

72 359 104 411 Β.
133 359 302 414 Secundae
315 365 423 431 portis
435 366 606 432 posterior
624 366 786 434 quaestio:

163 446 196 494 de
208 449 356 497 necessitate
369 450 500 511 credendi,
519 465 573 499 esse
591 451 694 512 deam,

126 536 152 579 et
175 546 240 595 quae
259 538 356 581 notura
375 533 448 581 huius
465 548 520 581 ease
536 536 662 584 censendo
688 535 728 583 sit.

379 633 405 700 q.
429 636 470 684 12.

108 725 152 772 De
175 726 358 776 theoretice
381 731 562 777 necessitate
585 730 743 790 credendi,

326 813 394 846 esse
412 797 530 862 deum1J.

417 893 436 939 Ι.

85 967 134 1012 Res
155 969 266 1026 quasdam
289 972 336 1017 sive
358 973 417 1018 intra
439 988 480 1018 nos
498 974 545 1019 sive
562 977 625 1018 extra
646 987 688 1017 nos
705 971 770 1017 haud
785 977 820 1016 te-

33 1050 97 1081 mere
114 1037 181 1082 nohis
198 1039 271 1084 videri
289 1056 348 1097 esse,
369 1042 394 1085 id
411 1043 504 1100 quidem
523 1042 626 1087 vidimus.
660 1041 763 1085 Easdem
780 1039 821 1083 ubi

32 1118 80 1148 non
94 1105 202 1166 singulas,
220 1108 261 1152 sed
276 1109 307 1153 ad
322 1125 347 1154 se
361 1110 458 1156 invicem
473 1111 555 1155 relatas
571 1109 748 1164 consideramus,
763 1123 822 1167 pro·
848 1169 850 1172 Ι

32 1174 93 1218 xime
104 1175 197 1219 obviam
205 1176 232 1220 fit
249 1178 377 1224 mutatio
394 1194 478 1225 rerum.
514 1178 586 1222 Esse
604 1184 681 1221 autem
688 1177 750 1222 hanc
761 1192 821 1235 quo·
844 1171 853 1191 ‘³

32 1258 85 1304 que,
102 1243 128 1291 id
145 1244 280 1306 intelligitur
296 1246 396 1295 maxime
411 1262 439 1296 ex
455 1246 635 1295 reminiscentiae
649 1244 765 1292 humanae
779 1260 822 1291 na-

31 1314 88 1362 turis.
124 1315 151 1361 ln
173 1317 340 1364 reminiscendo
363 1318 468 1366 obiicitur
490 1318 580 1364 homini
608 1317 694 1379 duplex
720 1317 823 1363 eiusdem

30 1388 65 1432 rei
81 1387 189 1433 conditio.
224 1388 294 1436 Hanc
310 1397 439 1452 utramque,
457 1391 560 1451 quamvis
573 1390 631 1435 inter
648 1405 673 1435 se
690 1388 728 1435 vel
742 1388 822 1435 naturai
853 1410 855 1415 ·

31 1458 72 1504 suit
89 1457 203 1504 diversam
220 1461 257 1505 vel
274 1467 380 1522 tempore
395 1461 501 1520 dissitam,
519 1460 591 1506 homo
609 1475 655 1505 nou
672 1466 749 1521 petest
766 1460 821 1519 quin

31 1528 77 1574 uni
95 1529 196 1588 quadam
214 1531 355 1591 cogitatione
379 1534 557 1592 complectatur,
580 1531 657 1589 itaque
672 1531 703 1575 ad
724 1546 748 1575 se
761 1531 821 1575 invi-

32 1613 83 1645 cem
105 1599 197 1644 referat.
234 1600 310 1646 Causa
331 1601 427 1648 huiusce
449 1617 492 1663 per
518 1600 706 1646 reminiscentiam
739 1601 821 1646 obviae

30 1668 147 1713 relationis
170 1669 277 1715 exstitisse
302 1672 399 1732 cogitari
419 1672 498 1731 nequit
521 1671 564 1715 nisi
586 1671 680 1727 mutatio
701 1669 760 1715 illins
777 1672 820 1726 rei,

30 1753 91 1797 quae
112 1740 207 1783 mutatio
231 1739 349 1787 interiecto
367 1748 473 1801 tempore
496 1740 599 1800 quodam
622 1740 683 1785 facta
701 1739 821 1800 duplicem

29 1807 95 1851 illam
114 1808 215 1852 eiusdem
232 1809 266 1853 rei
283 1810 439 1855 conditionem
455 1809 563 1856 effecerit.
598 1808 671 1869 Signa
687 1809 755 1853 etiam
770 1817 822 1854 suut

30 1876 82 1920 satis
100 1873 232 1931 manifesta,
249 1878 331 1935 quibus
348 1886 465 1934 caveatur,
483 1894 513 1923 ne
529 1893 573 1939 per
588 1877 724 1937 phantasiae
740 1878 821 1922 libidi-

30 1960 84 1989 nem
101 1945 171 1989 allata
189 1943 235 1990 dici
252 1947 323 2006 possit
339 1948 380 1992 illa
396 1949 431 1992 rei
447 1947 520 1992 unitas
544 1953 567 1992 et
588 1946 724 1992 conditionis
743 1946 820 1991 diver-

30 2014 94 2070 sitas,
118 2014 159 2058 illa
175 2014 314 2074 repetitionis
332 2016 428 2062 alicuius
445 2032 500 2062 vere
517 2016 593 2062 factae
611 2016 732 2076 cogitatio,
755 2014 820 2058 deni-

31 2097 77 2142 que
91 2082 131 2128 illa
143 2097 235 2129 causam
251 2084 319 2131 huius
332 2086 433 2146 aliquam
443 2085 572 2132 inveniendi
583 2086 708 2133 necessitas.
742 2083 820 2129 Lucu-

30 2151 179 2200 lentissimum
194 2168 222 2201 eu
238 2152 371 2204 huiusmodi
386 2155 457 2219 siguis
475 2161 516 2215 est,
534 2155 552 2203 si
569 2154 661 2216 quaudo
678 2152 819 2215 repetitionis

31 2225 142 2286 cogitatio
160 2225 206 2272 unit
223 2241 277 2273 cum
291 2245 317 2274 re
337 2228 441 2291 repetitis,
459 2227 506 2276 hac
519 2226 595 2273 denuo
609 2225 709 2272 sensibus
726 2224 818 2270 obviam

30 2295 105 2353 factis,
128 2296 228 2342 animum
250 2300 318 2347 subit.
352 2301 414 2345 Nam
431 2300 525 2346 fictitiae
542 2297 682 2358 repetitionis
707 2295 818 2357 cogitatio

30 2382 77 2412 uon
91 2373 169 2427 potest
186 2368 287 2415 animum
309 2371 386 2416 subire
410 2371 493 2416 eodem
512 2366 621 2429 temporis
642 2365 751 2422 articulo,
771 2381 819 2426 quo

34 2437 103 2483 obvia
124 2441 158 2481 est
182 2437 258 2483 animo
280 2440 329 2499 ipsa
352 2455 388 2485 res
408 2456 448 2496 ea,
472 2440 536 2487 cuius
558 2436 664 2498 repetitio
686 2436 714 2480 sit
731 2437 820 2486 fictitia.

30 2507 78 2553 Res
94 2508 166 2564 enim,
184 2521 237 2552 cum
254 2508 281 2552 fit
299 2508 367 2554 ebria
384 2510 472 2565 animo,
489 2505 670 2570 praesentissimis
686 2506 820 2554 fortissimis·

31 2593 77 2637 que
94 2577 116 2620 vi
133 2577 204 2631 valet,
223 2584 282 2634 tum,
300 2578 376 2622 siluit
392 2578 509 2637 quondam
524 2578 604 2634 obvia,
628 2576 659 2621 ad
676 2577 828 2638 gignendam·

31 2648 66 2692 sui
83 2645 279 2705 recordationem,
302 2652 364 2705 tum,
392 2648 411 2693 si
433 2663 480 2693 uon
500 2647 555 2702 fuit,
583 2644 614 2692 ad
637 2645 819 2709 dignoscendam

30 2716 110 2763 fictam
126 2715 285 2775 repetitionem
300 2732 314 2761 a
330 2716 392 2763 veri.

85 2784 194 2830 Causas
221 2783 303 2831 autem
319 2785 469 2830 mutationum
490 2785 532 2830 ubi
555 2800 620 2831 mens
639 2783 746 2842 anquirit,
776 2783 819 2826 tria

33 2853 148 2913 quaedam
164 2860 258 2899 naturae
273 2853 340 2899 huius
357 2860 508 2900 consentanea
526 2862 585 2903 suut.
602 2858 682 2912 Aeque
700 2851 759 2897 enim
776 2866 820 2896 ne-

94 2990 116 3044 l)
132 2993 225 3032 Hermes.
240 2990 254 3030 l.
271 3003 287 3030 o.
302 3002 349 3045 pag.
362 2989 493 3032 336—367·
656 3046 673 3092 4
