1732 3169
184 445 416 484 Pfflnosorfflau
432 445 657 484 Hunulnsninau

64 526 341 581 nxrnloaulo
376 531 430 577 ΕΤ
465 530 780 581 uxlsulauaulo.

305 631 321 668 Ι,
343 632 438 668 PRIMA
454 631 536 667 PARS.

127 720 157 751 DE
172 720 271 751 RATIONE
281 721 326 751 vm,
338 720 497 752 SUFFRAGANDI
510 721 555 751 VEL
568 720 716 768 aaulramum,

93 813 250 845 unaunaulcau
266 812 295 843 ET
313 814 442 845 Pnacrrcau
454 812 615 845 PHILGSOPHIAE
631 812 749 843 anclrlo.

114 915 146 965 A.
165 913 244 961 Prior·
254 914 378 975 quaestio.-
398 915 430 961 de
440 912 609 980 suffragandi
619 913 723 962 ratione.

384 1038 409 1105 ᾗ.
427 1041 450 1087 a.

28 1136 169 1180 Inrerunr
185 1133 376 1195 cognitione,
400 1150 477 1194 quae
500 1134 657 1180 scientiam
681 1136 710 1177 et
726 1130 814 1191 quasi

45 1204 203 1251 mediatam
218 1206 433 1250 necessitatem
456 1204 579 1260 afferat,
597 1219 652 1248 non
674 1202 730 1246 sita
754 1208 797 1247 est

149 1273 226 1319 ratio
243 1274 354 1321 idonea
372 1275 408 1321 ad
427 1268 691 1335 suffragandum).

410 1367 429 1411 1.

79 1448 183 1505 Recte,
201 1449 242 1508 qui
260 1447 297 1493 vel
314 1446 392 1493 critice
409 1446 448 1492 vel
462 1446 563 1506 sceptioe
581 1443 814 1506 philosophabantur,

28 1524 209 1578 praeceperunt,
234 1532 280 1562 non
302 1531 370 1576 posse
393 1517 417 1561 in
437 1515 570 1560 hominibus
593 1530 642 1559 esse
667 1530 718 1559 earn
735 1528 813 1558 rerum

28 1587 182 1646 cognitionem
198 1593 220 1630 et
234 1586 363 1643 scientiam,
384 1601 444 1643 quae
462 1592 500 1628 ant
515 1584 650 1629 obiectivam
665 1589 704 1627 aut
722 1581 814 1641 subjec-

27 1656 96 1700 tivam
118 1654 260 1714 suffragandi
278 1655 433 1699 necessitatem
455 1653 554 1698 afferret.
589 1653 717 1697 Primum
734 1652 814 1710 nequit

28 1739 76 1768 esse
94 1738 125 1771 ea,
138 1738 213 1768 rernm
231 1724 345 1782 cognitio,
370 1739 430 1781 quae
454 1727 565 1767 monstret
589 1737 653 1766 suain
677 1721 701 1765 in
724 1722 813 1766 rebus

28 1793 161 1837 obiectis
179 1792 244 1837 sitam
261 1791 423 1837 necessitatem.
458 1793 519 1837 Nam
533 1792 556 1835 in
574 1804 714 1849 quocunque
731 1791 814 1835 mentis

27 1875 69 1905 usn
87 1861 133 1906 duo
151 1867 202 1906 sunt
219 1876 278 1920 qnae
290 1861 452 1919 discernantur,
470 1877 508 1906 res
517 1861 622 1906 obiectae
632 1860 704 1906 menti
716 1867 740 1906 et
751 1875 815 1905 mens

25 1931 81 1990 ipsa.
115 1930 206 1975 Malum
221 1931 256 1986 id,
273 1930 336 1988 quod
353 1931 409 1977 hinc
424 1932 533 1986 nascitur,
559 1930 644 1975 auferri
665 1945 713 1975 non
730 1936 814 1990 potest.

25 2000 78 2044 Non
96 2000 218 2045 ostenderis
234 2001 301 2057 enirn,
318 2000 381 2045 idem
397 2016 451 2058 esse,
469 2000 534 2060 qnod
548 2002 572 2045 in
588 2002 658 2045 rebus
674 2005 707 2045 est
717 2007 739 2044 et
749 1999 814 2058 qnod

27 2069 50 2113 in
67 2076 143 2115 mente
161 2070 191 2115 de
207 2070 275 2115 rebus
290 2076 323 2115 est
340 2070 499 2130 (Obiectivurn
518 2075 540 2115 et
551 2070 726 2129 Subiectivan.
762 2069 813 2114 Nec

29 2153 120 2185 causam
136 2140 191 2184 maii
209 2140 299 2185 anferre
316 2147 389 2199 potes.
412 2140 478 2186 Unus
496 2140 556 2185 enim
570 2156 606 2185 res
625 2138 742 2200 cogitandi
759 2153 813 2182 mo·-

29 2208 106 2254 dosis
125 2215 169 2264 est,
192 2225 238 2268 quo
256 2225 331 2264 inens,
349 2226 409 2269 quae
423 2212 522 2272 cogitat,
541 2216 564 2254 et
576 2225 623 2268 res,
642 2223 701 2266 quae
719 2208 813 2269 cogita-

28 2283 77 2332 tur,
100 2278 249 2337 (Subiectum
268 2284 290 2323 et
309 2277 459 2341 Obiectum),
482 2284 597 2337 nequeunt
616 2277 742 2337 cogitando
760 2284 812 2322 tan-

28 2362 98 2405 quam
126 2349 149 2390 in
177 2363 201 2391 se
229 2348 327 2393 invicem
349 2350 466 2395 transferri
493 2355 561 2407 atque
585 2347 644 2391 adeo
671 2346 734 2391 idern
756 2363 812 2393 esse.

27 2414 138 2460 Deinde
168 2431 195 2459 ea
215 2417 292 2474 nequit
312 2432 389 2462 rerum
414 2434 462 2464 esse
483 2417 597 2479 cognitio,
624 2432 684 2475 quae
701 2423 813 2463 monstret

27 2500 90 2529 suain
107 2484 131 2528 in
148 2491 242 2528 mente
260 2485 325 2529 sitam
342 2489 505 2533 necessitatem.
539 2487 599 2531 Nam
616 2485 736 2546 indagatio
755 2502 813 2534 cau-

29 2570 80 2610 sae,
101 2568 128 2597 ex
146 2568 190 2611 qna
207 2554 259 2610 fiat,
287 2562 312 2598 nt
329 2571 392 2601 mens
410 2573 456 2602 non
473 2556 545 2617 possit
558 2557 644 2601 formas
662 2572 739 2602 rerum
766 2571 812 2602 non

26 2638 70 2682 pro
84 2623 138 2681 ipsis
152 2622 221 2666 rehus
237 2622 337 2680 habere,
360 2632 436 2684 potest
453 2626 476 2670 in
499 2625 610 2670 infinitum
629 2626 742 2687 proferri,
765 2640 810 2670 non

28 2693 58 2737 ad
73 2691 157 2737 exitum
174 2691 277 2752 perduci.
314 2693 413 2748 Quaevis
436 2695 496 2739 enim
514 2695 626 2756 cogitatio
647 2711 727 2743 causae
745 2707 811 2738 conr-

27 2762 175 2823 prehenditur
193 2777 239 2806 non
261 2777 285 2806 se
306 2763 369 2822 ipsa,
392 2764 433 2810 sed
452 2765 524 2811 altera
542 2767 643 2826 quadam
665 2762 810 2825 cogitatione,

28 2835 90 2879 cuius
105 2831 206 2878 eiusdem
223 2847 262 2878 sna
276 2833 392 2891 quaedam
407 2850 475 2882 cansa
490 2836 575 2884 eodem
592 2838 663 2884 niodo
678 2831 811 2893 indaganda

87 2972 109 3025 1>
124 2974 214 3013 Hermes.
224 2972 239 3011 l.
252 2985 269 3013 o.
283 2987 304 3027 p.
312 2974 374 3015 98¹·-
381 2972 428 3018 141.
