1732 3169
62 170 802 189 »ουκ-ψ’*-

301 324 302 327 ¹
329 219 518 312 orecte

40 659 105 739 Ᾰά
122 690 244 739 catheti
250 703 302 735 cos
317 689 460 750 potissimum
469 688 493 732 in
502 675 638 748 quaestionis
648 689 782 751 propositae
790 688 828 734 in-

39 797 109 844 troitu
132 784 223 851 dicere,
241 798 418 846 consentaneum
440 798 480 839 est.
515 793 664 855 Religionem
685 791 741 841 huic
759 793 829 840 aetati

38 916 85 947 non
99 916 147 946 esse
164 899 286 956 videbam,
305 911 353 958 quo
373 897 447 944 minus
461 896 628 945 hermesianam
644 914 694 946 rem
711 898 765 946 loco
781 898 827 943 ha-

37 1007 102 1051 beret
126 1004 210 1067 exiguo
233 1019 261 1050 ec
280 1019 356 1065 paene
376 1003 449 1049 nullo.
491 1003 554 1049 Mihi
579 1018 634 1050 vero
654 1003 776 1050 videbatur
800 1017 828 1048 ea

38 1125 86 1156 esse
102 1110 140 1155 vel
157 1109 192 1155 rei
208 1109 271 1155 istius
288 1115 370 1155 natura
386 1108 425 1154 vel
443 1108 521 1153 aetatis
538 1108 600 1153 istius
618 1107 727 1167 conditio,
742 1112 768 1153 ut
785 1107 828 1152 illa

36 1215 67 1260 ad
85 1215 146 1262 hano
163 1230 233 1275 quam
245 1213 344 1259 maxime
353 1212 485 1274 pertineret.
519 1211 611 1256 Exstitit
624 1210 660 1257 his
675 1214 757 1258 nostris
769 1217 827 1258 tem-

35 1320 131 1381 poribus
146 1320 204 1365 iuter
218 1318 352 1366 christianos
364 1316 477 1363 eiusmodi
488 1331 561 1378 genus
572 1315 744 1378 dissensionum,
763 1316 828 1377 quod

35 1423 108 1485 longe
123 1424 265 1484 superaverit
282 1424 305 1470 vi
324 1428 346 1469 et
360 1422 465 1484 pondere
482 1421 550 1479 illud,
568 1438 597 1469 ex
613 1438 660 1483 quo
679 1426 827 1469 manaverunt

35 1527 72 1572 vel
96 1527 189 1573 dissidia
209 1528 304 1588 publice
331 1527 416 1573 sancita
437 1526 461 1572 in
484 1526 585 1575 ecclesiis
609 1510 654 1573 111
670 1527 825 1574 contentiones

34 1631 93 1676 inter
110 1631 210 1690 privatos
227 1630 333 1675 homines
351 1634 482 1676 commotae
502 1632 526 1675 in
543 1631 739 1694 philosophorum
754 1629 825 1677 scho-

34 1736 69 1781 lis.
93 1734 155 1780 Illud
172 1735 237 1795 quod
251 1733 314 1780 hanc
330 1738 431 1779 nostram
448 1739 547 1780 aetatem
564 1734 643 1782 affecit
659 1736 748 1782 malum
762 1735 825 1783 dico.

33 1840 123 1886 Prodiit
139 1840 200 1886 enim
215 1838 337 1885 accrescit
352 1853 460 1884 numerus
474 1853 554 1885 eorum
566 1839 725 1899 quorundam,
743 1840 825 1909 quibus

33 1960 62 1990 ne
80 1959 127 1989 esse
145 1942 239 2004 quidem
255 1956 399 2004 magnopere
413 1942 509 2003 placuit,
527 1959 598 2004 quare
615 1943 771 1993 dissideamus,
788 1971 824 1980 —

33 2047 167 2093 Hermesins
194 2052 274 2093 contra
300 2045 345 2092 hos
374 2049 480 2094 surrexit:
512 2049 643 2109 arbitratus,
676 2064 822 2096 communem

34 2151 135 2197 omnium
153 2166 245 2198 causam
260 2150 309 2213 agi;
332 2157 422 2198 secutus
439 2158 543 2199 veterum
559 2169 656 2212 morem,
674 2153 756 2213 quibus
773 2151 823 2199 hoc

34 2268 105 2300 unum
123 2271 203 2302 curare
217 2254 349 2317 placuisset,
367 2261 393 2303 ut
409 2262 473 2303 recte
490 2257 629 2304 dissiderent.
657 2256 735 2315 Atque
752 2256 821 2303 etiam

32 2356 181 2416 intellexerat,
199 2374 246 2418 quo
262 2359 380 2407 sustineret
387 2359 449 2407 hanc
464 2365 561 2407 aetatem
577 2359 655 2418 itaque
672 2360 750 2407 valere
767 2376 821 2422 pos-

32 2464 66 2505 set
90 2458 121 2504 ad
143 2459 204 2507 hane
224 2466 324 2509 aetatem
348 2464 470 2527 theologia
493 2462 674 2522 catholicorum,
701 2480 749 2511 non
773 2481 821 2513 esse

31 2563 209 2625 praeteritorum>
226 2568 358 2625 temporum
382 2568 493 2614 rationem
516 2568 540 2611 in
566 2567 689 2614 scribendo
711 2576 819 2632 repeten-
844 2584 848 2588 ’

31 2666 98 2721 dam;
114 2672 222 2728 oportere
239 2681 285 2713 non
303 2668 379 2715 solum
396 2672 514 2718 enucleate
531 2669 632 2718 dicendo
651 2674 752 2737 singulos
771 2674 817 2718 dis-

31 2771 159 2817 sensionum
174 2773 238 2818 locos
255 2773 353 2831 tractari,
369 2773 410 2819 sed
427 2774 503 2835 primo
522 2776 624 2824 omnium
639 2779 817 2825 111111111111111111ὲ

33 2875 118 2924 tionem
134 2877 164 2924 de
180 2876 333 2925 fundamentis
349 2876 539 2942 theologicorum
550 2880 689 2931 existimandi
706 2891 759 2926 cum
768 2858 816 2925 hu-
