1732 3169
41 137 66 166 lv

39 247 74 294 ius
97 247 175 294 aetatis
198 245 323 292 eruditione
345 245 475 306 temperari.
506 272 532 280 —
553 247 669 304 Quoniam
693 249 764 312 igitur
787 250 828 296 ille

39 358 88 399 tum
111 352 142 397 de
161 350 289 411 argumenti
316 348 463 396 dissidiorum
485 349 598 413 dignitate
615 323 726 415 ¹graviter
753 357 827 413 sensit,

38 463 87 502 tum
108 455 138 500 de
159 454 246 501 ratione
269 454 387 517 probandi
410 454 549 503 catholicam
569 471 660 503 causam
684 458 739 507 huic
760 461 828 507 aetati

37 561 91 609 scite
109 559 251 607 existimavit:
278 559 368 608 duabus
391 559 427 607 his
449 561 480 607 de
498 562 569 609 causis
585 577 632 607 non
650 571 827 612 consentaneum

37 665 110 725 duco,
130 671 156 711 ut
179 666 307 728 evangelici
327 667 424 713 alienam
445 684 459 713 a
481 682 506 713 se
527 683 577 714 rem
600 668 664 729 apud
684 669 770 716 alienos
789 672 828 735 agi

37 777 59 817 et
69 772 120 834 geri
137 771 266 833 opinentur.
294 771 333 817 Ab
350 772 493 818 revolutione
510 787 586 818 rerum
604 772 737 820 reformatio
751 790 828 822 rerum

38 876 137 921 maxime
158 863 247 923 in'hoo
266 875 352 934 differt,
371 875 447 935 qnod,
465 876 505 935 qui
519 875 581 924 hanc
598 878 636 924 vel
650 879 775 926 moliuntur
790 879 828 927 vel

35 981 167 1042 perficiunt,
190 981 293 1042 inprImis
313 980 368 1025 ideo
392 981 500 1039 quoniam
522 982 567 1042 ipsi
585 990 636 1028 sunt
662 985 826 1044 antiquioribus

35 1085 166 1132 hominibus
178 1086 298 1143 melioreS,
314 1100 350 1130 res
364 1084 472 1131 meliores
487 1100 557 1133 novas
573 1088 669 1148 antiquis
686 1102 828 1135 successuras

36 1192 178 1251 promittunt,
215 1190 286 1248 Quod
304 1190 323 1235 si
339 1189 370 1234 ita
388 1195 433 1247 est,
455 1189 602 1239 Hermesium
619 1198 717 1254 propter
734 1208 784 1238 rem
802 1194 826 1237 in

37 1310 62 1341 se
80 1301 209 1357 susceptam
227 1310 270 1358 par
288 1299 321 1340 est
338 1294 424 1339 censeri
439 1295 469 1340 ab
488 1296 625 1358 evangelicis
642 1313 689 1343 non
705 1297 785 1343 infimo
803 1298 827 1343 in

37 1400 92 1447 loco
108 1400 250 1460 habendum,
266 1417 280 1445 a
296 1399 415 1446 catholicis
429 1377 607 1461 reprobandum.
632 1401 671 1445 Illi
684 1401 743 1447 enim
759 1416 826 1447 conr-

36 1510 122 1563 mento,
140 1505 204 1565 quod
219 1505 243 1551 in
256 1504 395 1567 theologicis
413 1519 507 1566 quoque
525 1510 594 1566 atque
611 1504 671 1551 adeo
686 1506 710 1551 in
725 1505 826 1567 dogma-

35 1608 84 1654 ticis
103 1624 211 1655 romanos
235 1608 362 1656 catholicos
384 1613 408 1652 et
428 1607 506 1654 nescio
529 1624 586 1669 quos
614 1609 670 1654 alios
695 1608 825 1656 catholicos

34 1713 132 1761 invicem
158 1713 256 1761 discerni
280 1728 349 1775 posse
375 1712 476 1774 placuit,
507 1714 637 1776 refragatur
667 1713 742 1775 ipsum
770 1714 824 1760 Tri-

36 1821 160 1868 dentinum.
187 1821 265 1866 Novas
282 1835 318 1864 res
332 1819 478 1881 theologicas
496 1810 554 1865 inter
572 1835 624 1866 suos
636 1820 741 1865 molitum
755 1820 824 1866 fuisse

35 1924 190 1984 Hermesium,
212 1924 261 1971 hoc
278 1922 372 1984 quidem
389 1938 436 1969 non
454 1923 527 1970 habui
544 1941 590 1988 ego
609 1939 649 1971 cur
666 1930 822 1994 monstrarem.

35 2030 190 2076 Prodideraut
208 2028 256 2076 hoc
277 2028 331 2074 libri
352 2028 381 2074 ab
403 2043 432 2075 eo
456 2029 522 2085 editi3
549 2029 685 2092 prodiderat
703 2045 742 2090 ea,
763 2045 823 2090 quae

35 2109 119 2183 horum
137 2137 194 2198 fuit,
217 2135 317 2180 fortuna.
340 2159 376 2169 —
397 2135 485 2181 Modus
506 2140 593 2193 autern,
620 2150 667 2194 quo
689 2135 823 2181 Hermesius

35 2258 85 2288 rem
102 2244 162 2290 bene
179 2245 308 2302 susceptam
323 2242 436 2300 tractavit,
453 2256 500 2288 non
511 2242 586 2287 minus
598 2255 675 2302 prope
686 2256 755 2302 quam
765 2256 823 2288 con-

36 2345 120 2407 silium,
142 2362 189 2407 quo
207 2346 316 2395 inductus
338 2346 381 2391 fnit
398 2346 429 2391 ad
447 2362 498 2392 eam
519 2344 699 2406 suscipiendam,
726 2344 756 2390 ad
774 2345 822 2393 hoc

35 2453 145 2512 pertinet,
167 2452 231 2511 quod
249 2452 325 2514 agitur
338 2450 415 2498 nostrai
433 2456 519 2504 aetate3
542 2465 672 2510 quanquam
690 2455 764 2497 totum
778 2451 822 2497 im-

34 2555 181 2617 probandum
199 2557 264 2603 illum
282 2556 366 2604 censui.
397 2555 534 2602 Arbitrahar
547 2557 615 2614 enim,
633 2556 725 2619 logicae
739 2571 821 2602 neces-

35 2660 106 2706 sitatis
114 2659 244 2709 intellectae
253 2663 332 2710 fucum
342 2668 365 2710 et
375 2662 488 2710 factitium
500 2662 603 2708 colorem
614 2662 654 2707 vel
665 2661 695 2708 ab
709 2663 744 2720 ert,
760 2675 821 2720 quae

37 2764 172 2814 christianae
180 2764 315 2828 theologiae
328 2774 392 2831 esset,
402 2768 481 2815 indole
491 2773 514 2815 et
530 2764 611 2814 naturh
620 2766 657 2813 vel
667 2767 695 2813 ab
705 2765 740 2824 ed,
749 2778 820 2825 quam

37 2869 187 2935 philosophia
209 2871 292 2929 ferret,
314 2872 436 2933 prudentia
458 2880 481 2921 et
504 2871 616 2921 modestia
639 2872 737 2917 alienum
763 2885 818 2917 esse.
