1732 3169
64 187 99 233 28
168 191 311 245 Philosophiae
323 189 429 230 Hermesii
441 189 495 230 Pars
507 190 526 230 l.
541 190 641 242 Quaestio
649 191 667 232 Ι.
680 187 727 244 §.ts

63 329 110 359 sam
141 327 168 357 ac
199 311 349 370 praecipuum
381 310 451 355 Kanti
483 320 593 370 errorem
611 312 741 359 collocavit.
786 309 841 371 Ego

36 432 39 436 ,
61 397 116 427 vero
138 382 162 424 in
188 379 331 425 distinctione
351 379 475 425 earundem
498 387 521 425 et
546 382 569 427 in
592 383 672 445 mentis
691 380 842 426 admiratione

60 449 219 497 collocaverim
236 466 283 494 non
299 451 418 495 minimum
436 465 464 495 ex
482 452 595 496 erroribus
612 447 733 500 Henbesii.
769 450 842 496 Corri-

59 519 219 581 probationem
234 519 329 566 huiusce
343 520 466 566 sententiae
484 522 513 567 ab
530 522 581 583 ipso
599 522 654 582 iilo,
677 522 700 566 in
718 536 788 582 quem
805 520 842 565 di-

60 598 96 636 cta
115 594 154 648 est,
171 589 194 633 in
212 605 236 636 se
253 596 382 652 susceptam
399 589 494 637 videbis.

415 679 440 747 §-
458 682 483 730 e.

258 762 425 812 Conclusio
450 762 641 826 quaestionis.

440 858 470 907 I.v

107 936 222 980 Idonea
238 935 269 981 ad
284 936 460 998 suffragandum
476 938 534 983 ratio
553 942 587 983 est
603 936 766 981 necessitas
784 934 842 979 aii-

60 1006 142 1052 cuius
167 1006 255 1067 primi
284 1007 358 1063 veri,
387 1023 474 1068 quam
499 1022 575 1052 mens
603 1006 670 1051 etiam
699 1005 784 1051 reflexa
810 1004 842 1048 ad

61 1091 124 1121 suam
142 1076 302 1122 conscientiam
320 1078 355 1123 sui
375 1078 593 1139 comprobavit.

109 1146 176 1193 Unus
184 1146 225 1193 hic
234 1148 337 1194 residuus
351 1155 384 1194 est
400 1150 491 1207 modus,
502 1164 549 1208 quo
559 1163 623 1193 mens
634 1146 702 1192 etiam
712 1144 743 1191 ad
759 1144 842 1204 explo-

60 1217 157 1263 randam
175 1218 335 1264 conscientiam
350 1219 384 1264 sui
398 1220 483 1265 reflexa
495 1226 558 1265 recte
571 1218 642 1278 possit
658 1233 707 1263 rem
722 1216 769 1262 bac
784 1230 842 1275 pro-

62 1288 133 1332 ditam
152 1303 179 1334 ac
197 1288 306 1349 deinceps
328 1289 383 1335 alias
400 1306 435 1335 res
452 1296 515 1335 certo
532 1289 620 1334 habere
637 1303 708 1333 veras.
743 1287 843 1345 Necesse

62 1358 122 1403 enim
141 1364 180 1416 est,
198 1374 244 1417 quo
263 1358 357 1405 omnino
373 1359 444 1422 agere
462 1375 525 1405 mens
541 1359 619 1420 possit,
636 1357 692 1403 huie
709 1363 761 1403 ante
774 1356 842 1402 refle-

61 1429 152 1474 xionem
171 1429 276 1474 oblatum
289 1435 311 1475 et
329 1431 393 1489 quasi
411 1430 489 1476 datum
506 1445 565 1488 esse,
585 1429 697 1488 quod'ita
712 1428 739 1472 sit
755 1442 842 1482 verum,

61 1503 87 1543 ut
104 1499 211 1544 sustineat
230 1500 277 1544 vim
298 1501 424 1546 reflexionis
450 1507 472 1547 et
494 1500 663 1559 explorationis.
703 1497 842 1543 Huiusmodi

62 1573 105 1614 est:
128 1569 288 1615 necessitas
306 1570 423 1629 aliquid
442 1569 575 1616 habendi
591 1584 699 1615 verum.

114 1639 218 1685 Virtus
235 1639 331 1685 huiusce
348 1641 389 1697 rei,
406 1656 466 1700 quae
483 1641 554 1685 menti
572 1639 677 1686 consciae
694 1638 728 1683 sui
745 1652 773 1683 ac
793 1652 842 1681 sese

62 1709 189 1769 exploranti
206 1710 313 1755 continuo
332 1711 401 1756 obvia
418 1717 462 1766 est,
481 1711 607 1771 primum
625 1709 724 1755 cernitur
737 1707 761 1751 in
778 1707 842 1752 fide

62 1780 108 1824 eius
126 1785 235 1838 quantum
252 1780 344 1825 omuino
362 1787 438 1841 potest
455 1781 505 1826 fieri
520 1780 648 1826 certissimo.
681 1778 781 1824 Uberius
791 1777 842 1835 qui-

63 1849 117 1894 dem
134 1849 194 1895 haec
209 1849 349 1908 probabitur,
368 1866 420 1896 cum
438 1852 566 1912 singulatim
578 1850 753 1910 explicabuntur
763 1848 842 1908 singu-

62 1919 100 1964 lae
120 1935 157 1964 res
175 1919 252 1980 ipsae,
279 1934 338 1979 quae
355 1920 398 1965 sint
415 1921 439 1965 in
456 1922 500 1967 unii
517 1921 556 1968 ills
571 1922 627 1966 sitae
646 1927 669 1966 et
684 1920 740 1965 binc
756 1918 842 1964 virtutis

62 1989 164 2035 eiusdem
179 1989 309 2050 participes.
335 1991 451 2053 Attamen
465 1991 532 2036 etiam
548 1991 674 2053 generatim
692 1989 773 2035 dixisse
790 1988 842 2032 satis

62 2065 101 2106 est.
147 2059 292 2119 Comprobat
315 2075 378 2105 mens
401 2060 465 2106 illam
487 2076 548 2119 rem,
570 2061 611 2106 ubi
630 2061 660 2105 ad
684 2076 734 2112 eam
756 2074 780 2104 se
804 2074 842 2102 re-

61 2130 134 2191 flexit‚'
149 2129 266 2191 suffragio,
278 2144 327 2186 suo,
344 2130 438 2176 inducta
455 2146 497 2191 per
514 2131 561 2175 rim
580 2146 662 2176 causae
676 2144 769 2189 prorsus
783 2128 842 2173 invi-

62 2208 129 2248 ctam.
157 2200 228 2245 Videt
239 2200 298 2245 enim
313 2215 387 2259 aeque
404 2202 475 2245 teneri
489 2216 536 2246 sese
550 2199 591 2246 illo
606 2201 737 2246 necessitate
755 2198 842 2257 aliquid

63 2286 140 2316 verum
157 2269 274 2327 habendi,
296 2270 342 2316 sive
360 2270 390 2314 ad
409 2272 527 2315 veritatem
546 2270 592 2314 sive
608 2270 638 2315 ad
655 2270 776 2315 vanitatem
795 2270 841 2314 eius

63 2341 263 2385 demonstrandam
280 2356 305 2386 se
322 2340 440 2400 applicuit.
460 2341 520 2385 Nam
534 2356 580 2399 qua
594 2341 681 2386 ratione
698 2356 761 2385 mens
774 2354 842 2384 mon-

63 2416 148 2466 straret,
166 2410 254 2470 veritati
263 2410 322 2456 illius
337 2411 416 2457 deesse
435 2426 492 2468 earn,
511 2426 570 2468 quae
587 2427 615 2456 cx
632 2412 681 2458 solli
699 2410 841 2456 demonstra-

62 2480 124 2524 tione
141 2481 225 2526 oritura
243 2488 306 2536 esset,
325 2481 489 2537 auctoritatem,
508 2482 529 2526 ei
544 2481 588 2541 ipsi
601 2481 750 2527 rationihaec
761 2486 842 2524 aucto-

61 2550 115 2595 ritas
131 2565 177 2593 non
188 2557 271 2611 posset
287 2565 334 2597 non
351 2550 436 2597 deesse.
472 2551 525 2608 Qua
546 2558 623 2597 autem
645 2551 733 2597 ratione
754 2550 842 2596 vanita-

61 2627 109 2666 tem
119 2619 180 2664 illius
194 2626 335 2680 monstraret,
349 2621 373 2667 in
386 2638 437 2667 cam
451 2622 524 2682 ipsam
536 2623 647 2668 rationem
662 2621 755 2670 caderet
768 2635 842 2679 aeque

60 2693 119 2737 iusta
130 2688 231 2735 eiusdem
245 2689 347 2737 vanitatis
357 2692 462 2754 suspicio.
486 2692 590 2752 Utrique
603 2693 662 2738 enim
673 2693 761 2736 ratione
776 2706 839 2736 mens

62 2765 178 2822 repeteret
196 2757 244 2803 eius
261 2761 390 2819 retusum,
408 2763 471 2809 cuius
488 2779 555 2809 usum
572 2762 712 2808 abolendum
729 2760 841 2820 suscepis-

62 2837 105 2885 set;
132 2831 186 2877 dico
208 2842 274 2873 usum
295 2829 353 2874 iilius
375 2834 511 2879 necessitatis
533 2833 620 2892 aliquid
635 2847 714 2877 verum
731 2830 840 2874 habendi.

61 2899 128 2945 Mens
142 2901 219 2964 igitur,
238 2898 306 2944 etiam
325 2899 354 2942 ad
369 2903 540 2947 examinandam
554 2912 617 2948 suam
633 2900 792 2948 conscientiam
807 2901 841 2944 sui

62 2969 157 3028 reflexa,
174 2973 205 3016 ita
215 2968 287 3017 cernit
304 2966 398 3014 inditam
407 2971 450 3017 sibi
466 2988 480 3016 a
494 2974 574 3019 naturis
587 2972 743 3018 necessitatem
754 2969 841 3030 aliquid
