1732 3169
137 152 284 218 Decothollori
299 173 445 231 philosophiae
460 171 569 214 Her'mesz'r'
583 169 670 211 arctant.
779 159 813 204 lt

24 302 91 347 rebus
113 298 234 347 dicendam
253 304 316 346 recte
333 297 477 346 contendant.
513 296 573 341 Nam
587 295 613 351 is,
632 292 672 354 qui
688 306 738 338 eam
755 304 812 351 pro-

21 372 112 432 posuit,
133 370 195 416 hane
216 371 290 432 ipsam
313 371 344 415 ob
368 384 459 415 eausam
474 367 531 412 nulli
551 383 575 412 se
593 365 688 412 scholae
703 363 811 424 philoso-

21 441 124 502 phorum
138 441 286 502 mancipavit,
303 440 411 501 quoniam
428 438 525 492 viderat,
541 443 635 482 cunctos
652 435 696 480 hos
716 434 752 479 vel
768 448 811 477 ne-

21 511 144 574 gligentius
160 512 195 558 vel
210 511 375 572 imprudentius
388 514 495 554 tractasse
504 507 569 551 illam
579 507 665 567 legem,
683 518 809 565 perquam

21 582 147 641 necessitas,
165 598 238 641 eaque
255 583 354 626 niaxime
369 579 455 643 logica,
472 577 496 622 in
510 577 596 624 cunctis
612 577 697 623 sancita
715 582 748 621 est
764 589 809 620 una

21 652 68 698 veri
86 658 109 698 et
126 653 183 698 certi
200 647 301 711 causalj.

399 763 430 810 ΙΙ,

73 858 153 903 Habes
175 857 273 902 formam
295 858 342 903 eius
363 856 401 901 vel
422 854 556 916 theologiae
574 855 612 902 vel
634 854 807 917 philosophiae,

21 942 90 986 quam
113 927 227 971 Hermesii
246 933 295 971 tum
316 926 429 987 professio
451 926 578 987 generatim
603 925 739 987 significavit
757 933 808 969 tum

21 996 144 1057 disputatio
154 996 283 1057 singulatim
294 996 424 1057 explicabit.
461 998 497 1041 Ao
514 996 638 1055 primum
656 996 751 1055 quidem
766 995 808 1038 illa

20 1081 97 1112 rerum
125 1080 152 1111 ex
178 1065 287 1113 historico
312 1082 398 1128 genere
413 1066 444 1111 ad
457 1065 603 1126 theologiam
626 1066 805 1112 necessariarum

20 1136 177 1197 praeparatio,
194 1136 218 1180 in
235 1152 281 1196 qua
299 1136 437 1197 explicandi
454 1135 552 1196 positiva
573 1137 712 1182 introductio
729 1151 807 1180 versa-

20 1214 69 1265 tur,
89 1205 266 1268 theologiae
285 1207 402 1252 notionem
422 1206 499 1267 posuit
516 1205 581 1251 haud
605 1207 657 1250 satis
679 1220 808 1266 congruam

79 1343 100 1397 1)
115 1341 267 1396 Propugnanda
276 1350 306 1383 est
316 1358 353 1383 arx
363 1342 486 1383 christianae
497 1350 518 1382 et
528 1342 640 1383 catholicae
650 1341 700 1380 fidei
710 1339 808 1380 adversus

20 1399 109 1441 eruditos
123 1400 183 1441 huius
193 1402 226 1440 vel
237 1409 373 1442 contemtores
383 1404 418 1442 vel
427 1409 561 1455 corruptores,
576 1402 658 1456 quiret
670 1401 808 1453 scepticornm

20 1460 177 1513 criticorumque
187 1458 269 1499 doctam
280 1461 419 1513 ignorantiam
432 1461 467 1500 vel
482 1460 646 1513 dogmaticorum
657 1461 806 1512 mysticorum-

19 1530 60 1570 que
73 1517 179 1557 indoetam
190 1519 298 1556 scientiam
311 1518 456 1572 praetendunt.
486 1519 555 1558 Satius
571 1526 607 1568 est,
622 1520 645 1555 in
653 1518 700 1570 ipsa
712 1515 805 1556 hostium

19 1582 84 1614 castra
96 1589 118 1614 se
132 1576 251 1625 coniecisse,
268 1588 331 1628 quam
339 1578 439 1629 ignavum
449 1577 503 1614 inter
512 1589 557 1614 aras
566 1583 587 1614 et
601 1576 659 1614 focos
674 1570 806 1613 desidentem‘
816 1574 820 1578 '

19 1639 40 1670 et
50 1645 94 1670 aras
104 1640 124 1671 et
137 1633 193 1671 focos
207 1631 327 1674 deseruisse.
341 1658 368 1664 -
383 1636 418 1672 Ex
432 1632 561 1687 philosophis
573 1634 668 1686 plerique
679 1634 702 1670 in
712 1631 752 1671 hoe
762 1645 805 1671 uno

17 1689 71 1728 inter
76 1703 120 1729 sese
133 1697 285 1737 consenserunt,
294 1698 318 1729 ut
325 1690 434 1730 libidinem
443 1693 494 1731 vitia
505 1690 623 1744 theologiae
633 1689 732 1743 crepandi
744 1691 806 1728 iacti-

17 1753 90 1785 tarent.
118 1748 273 1787 Arbitrabantur
279 1750 341 1799 enim,
350 1747 477 1801 theologiam
485 1750 635 1803 principiormn
642 1751 688 1788 veri
698 1755 807 1801 expertem

18 1818 73 1855 esse,
100 1805 178 1844 nullius
194 1808 276 1857 generis
290 1805 453 1860 philosophandi
465 1808 509 1846 vim
524 1809 637 1858 sustinere,
658 1820 706 1859 ergo
721 1806 806 1857 habere,

18 1874 54 1900 cur
63 1868 99 1900 aut
108 1863 150 1901 suis
160 1863 247 1902 fortunis
261 1862 377 1917 desperaret
385 1872 420 1903 aut
431 1864 517 1903 tandem
529 1864 633 1904 desineret
642 1867 746 1904 servitutis
756 1878 810 1903 con*

17 1917 117 1958 ditionem
125 1934 225 1961 recusare.
255 1921 338 1961 Scilicet
350 1924 392 1976 ipsi
403 1923 436 1962 illi
449 1924 571 1975 interpretes
583 1925 660 1962 mentis
668 1922 773 1962 humanae
783 1936 807 1961 ac

16 1975 171 2030 philosophiae,
188 1984 259 2017 cuncta
271 1992 308 2019 suo
318 1981 406 2033 imperio
425 1982 561 2033 continentis,
578 1983 659 2034 egregie
675 1995 720 2020 rem
734 1994 807 2033 gesse-

16 2042 70 2074 runt.
100 2036 188 2089 Sceptici
197 2037 300 2091 criticique
312 2038 466 2089 contenderunt,
476 2040 498 2077 in
509 2039 632 2079 affirmando
644 2047 736 2092 oportere
745 2052 807 2091 repe-

16 2092 52 2130 riri
62 2099 144 2131 tantum
154 2093 332 2135 demonstrationis
343 2098 411 2148 robur,
423 2104 524 2151 quantum
534 2099 556 2136 iu
566 2097 662 2150 negando
672 2097 752 2135 efficere
763 2097 806 2148 ipsi

16 2161 58 2188 non
72 2158 189 2203 potuerunt.
218 2153 338 2205 Dogmatice
357 2154 528 2208 philosophantes
542 2154 567 2194 de
581 2155 654 2194 natarat
666 2167 746 2200 rernm,
768 2154 803 2192 vel

16 2210 92 2247 mentis
103 2210 138 2247 vel
150 2208 270 2262 phantasiae
279 2213 322 2250 rim
331 2227 373 2252 non
384 2218 517 2253 coercuerunt
526 2214 564 2252 illi
571 2214 617 2265 lege
627 2211 733 2250 iudicandi
745 2225 805 2250 oom-

16 2271 134 2304 mentorum
143 2269 251 2306 veritatem
261 2282 289 2307 ex
300 2279 464 2310 commentorum
474 2272 603 2312 necessitate.
632 2271 721 2322 Mystici,
737 2271 755 2307 si
764 2283 805 2323 qua

16 2320 69 2358 forte
81 2323 115 2360 vel
126 2337 223 2363 sensnum
231 2326 265 2365 vel
278 2326 400 2379 phantasiae
408 2330 443 2367 vel
456 2331 520 2367 animi
532 2328 629 2380 impulsio
644 2328 711 2365 fuerat
727 2328 804 2378 oblata,

16 2379 123 2416 scientiam
134 2393 157 2417 ac
166 2383 234 2420 visum
247 2384 394 2437 venditabant3
411 2387 488 2425 laboris
506 2393 575 2424 autem
584 2387 607 2423 in
625 2384 734 2436 cogitando
753 2399 805 2425 con-

16 2436 78 2473 sumti
90 2442 111 2473 et
120 2436 182 2475 studii
191 2440 214 2476 in
230 2443 371 2491 cognoscendo
384 2445 477 2484 collocati
492 2444 603 2482 vanitatem
616 2444 805 2483 comminisceban-

14 2498 56 2530 tur.
66 2515 93 2520 —
105 2494 139 2531 Ex
148 2492 249 2547 theologis
261 2509 349 2553 quoque,
364 2504 432 2556 iisque
441 2500 613 2554 prudentioribus,
623 2501 709 2553 plurimi
720 2503 803 2555 impru-

16 2547 87 2587 denter
96 2550 301 2604 causamtheologiae
311 2567 402 2609 egerunt.
432 2557 574 2597 Aesthetionm
588 2557 694 2611 quoddam
709 2559 734 2598 de
750 2560 803 2600 divi-

14 2607 47 2645 nis
57 2607 117 2645 rebus
129 2609 260 2647 existimandi
269 2610 391 2669 dicendique
401 2630 466 2668 genus
476 2618 545 2655 visum
553 2617 594 2654 fuit
606 2619 703 2670 supplere
713 2632 736 2657 ao
746 2632 802 2657 com-

15 2676 101 2715 pensare
113 2663 307 2707 demonstrationem
317 2675 368 2713 veri.
385 2677 439 2712 Hine
451 2675 509 2726 quasi
517 2675 631 2726 pingebant
640 2678 801 2729 praesentiorem

15 2734 84 2787 rerum
92 2723 218 2774 imaginem,
234 2731 254 2763 et
262 2724 316 2765 hanc
328 2742 396 2769 rerum
409 2733 546 2769 imitationem
558 2733 688 2785 pulcerrimis
700 2732 800 2772 coloribus

16 2775 174 2832 distinguebant.
203 2783 241 2820 Est
257 2796 305 2823 vero
322 2786 375 2825 illud
390 2787 478 2826 docendi
494 2802 559 2841 genus
571 2793 636 2830 everi
644 2790 800 2840 investigatione

15 2847 97 2886 prorsus
110 2839 207 2881 alienum.
236 2841 290 2879 Male
302 2845 380 2895 opinati
391 2852 444 2896 sunt,
457 2845 551 2886 divinam
561 2848 683 2902 dignitatem
693 2853 712 2884 et
723 2846 797 2883 sancti·
808 2865 810 2867 ·

15 2897 79 2932 tatem
86 2909 185 2948 personae
195 2904 215 2937 et
224 2903 373 2955 praeceptionis
382 2902 458 2945 Christi
467 2906 559 2947 multum
566 2909 635 2949 valere
646 2905 672 2944 ad
681 2902 743 2941 fidem
751 2901 801 2942 huic

15 2947 138 2998 faciendam,

641 3017 657 3061 2
