<?xml version="1.0" encoding="UTF-8"?>
<!DOCTYPE html PUBLIC "-//W3C//DTD XHTML 1.0 Transitional//EN"
    "http://www.w3.org/TR/xhtml1/DTD/xhtml1-transitional.dtd">
<html xmlns="http://www.w3.org/1999/xhtml" xml:lang="en" lang="en">
 <head>
  <title>
</title>
<meta http-equiv="Content-Type" content="text/html;charset=utf-8" />
  <meta name='ocr-system' content='tesseract 3.04.00' />
  <meta name='ocr-capabilities' content='ocr_page ocr_carea ocr_par ocr_line ocrx_word'/>
</head>
<body>
  <div class='ocr_page' id='page_1' title='image "MN5160ucmf_1_0065.png"; bbox 0 0 1732 3169; ppageno 0'>
   <div class='ocr_carea' id='block_1_1' title="bbox 111 171 837 235">
    <p class='ocr_par' dir='ltr' id='par_1_1' title="bbox 111 171 837 235">
     <span class='ocr_line' id='line_1_1' title="bbox 111 171 837 235; baseline -0.004 -15"><span class='ocrx_word' id='word_1_1' title='bbox 111 180 224 221; x_wconf 70' lang='lat' dir='ltr'>eontentio</span> <span class='ocrx_word' id='word_1_2' title='bbox 231 181 295 234; x_wconf 69' lang='lat' dir='ltr'>scroto</span> <span class='ocrx_word' id='word_1_3' title='bbox 306 181 363 221; x_wconf 79' lang='lat' dir='ltr'>inter</span> <span class='ocrx_word' id='word_1_4' title='bbox 374 182 464 235; x_wconf 75' lang='lat' dir='ltr'>logicum</span> <span class='ocrx_word' id='word_1_5' title='bbox 475 184 498 221; x_wconf 82' lang='lat' dir='ltr'>et</span> <span class='ocrx_word' id='word_1_6' title='bbox 510 180 600 221; x_wconf 78' lang='lat' dir='ltr'>ethicum</span> <span class='ocrx_word' id='word_1_7' title='bbox 612 179 768 220; x_wconf 74' lang='lat' dir='ltr'>necessitatem.</span> <span class='ocrx_word' id='word_1_8' title='bbox 804 171 837 217; x_wconf 79' lang='lat'>41</span> 
     </span>
    </p>
   </div>
   <div class='ocr_carea' id='block_1_2' title="bbox 48 300 838 2397">
    <p class='ocr_par' dir='ltr' id='par_1_2' title="bbox 48 300 838 2397">
     <span class='ocr_line' id='line_1_2' title="bbox 52 300 838 362; baseline 0 -17"><span class='ocrx_word' id='word_1_9' title='bbox 52 301 93 345; x_wconf 91' lang='lat' dir='ltr'>tim</span> <span class='ocrx_word' id='word_1_10' title='bbox 113 300 281 362; x_wconf 84' lang='lat' dir='ltr'>significaverit,</span> <span class='ocrx_word' id='word_1_11' title='bbox 300 301 357 361; x_wconf 91' lang='lat' dir='ltr'>quid</span> <span class='ocrx_word' id='word_1_12' title='bbox 374 302 465 347; x_wconf 84' lang='lat' dir='ltr'>valeant</span> <span class='ocrx_word' id='word_1_13' title='bbox 481 302 549 348; x_wconf 89' lang='lat' dir='ltr'>ambo</span> <span class='ocrx_word' id='word_1_14' title='bbox 562 302 595 347; x_wconf 93' lang='lat' dir='ltr'>illi</span> <span class='ocrx_word' id='word_1_15' title='bbox 610 301 675 348; x_wconf 90' lang='lat' dir='ltr'>modi</span> <span class='ocrx_word' id='word_1_16' title='bbox 688 301 718 347; x_wconf 93' lang='lat' dir='ltr'>de</span> <span class='ocrx_word' id='word_1_17' title='bbox 731 300 838 346; x_wconf 82' lang='lat' dir='ltr'>universo</span> 
     </span>
     <span class='ocr_line' id='line_1_3' title="bbox 50 369 837 436; baseline -0.001 -19"><span class='ocrx_word' id='word_1_18' title='bbox 50 370 99 417; x_wconf 86' lang='lat' dir='ltr'>veri</span> <span class='ocrx_word' id='word_1_19' title='bbox 125 387 214 435; x_wconf 82' lang='lat' dir='ltr'>genere</span> <span class='ocrx_word' id='word_1_20' title='bbox 232 372 387 436; x_wconf 87' lang='lat' dir='ltr'>cognoscendi</span> <span class='ocrx_word' id='word_1_21' title='bbox 410 373 434 417; x_wconf 92' lang='lat' dir='ltr'>in</span> <span class='ocrx_word' id='word_1_22' title='bbox 462 371 646 418; x_wconf 76' lang='lat' dir='ltr'>christianae</span> <span class='ocrx_word' id='word_1_23' title='bbox 673 369 837 435; x_wconf 82' lang='lat' dir='ltr'>religionis</span> 
     </span>
     <span class='ocr_line' id='line_1_4' title="bbox 50 442 836 508; baseline 0 -19"><span class='ocrx_word' id='word_1_24' title='bbox 50 444 179 492; x_wconf 89' lang='lat' dir='ltr'>veritate</span> <span class='ocrx_word' id='word_1_25' title='bbox 198 444 366 508; x_wconf 71' lang='lat' dir='ltr'>cognoscendi.</span> <span class='ocrx_word' id='word_1_26' title='bbox 401 444 450 491; x_wconf 85' lang='lat' dir='ltr'>Sed</span> <span class='ocrx_word' id='word_1_27' title='bbox 466 444 600 507; x_wconf 90' lang='lat' dir='ltr'>simpliciter</span> <span class='ocrx_word' id='word_1_28' title='bbox 617 444 758 508; x_wconf 89' lang='lat' dir='ltr'>appellando</span> <span class='ocrx_word' id='word_1_29' title='bbox 776 442 836 506; x_wconf 87' lang='lat' dir='ltr'>legis</span> 
     </span>
     <span class='ocr_line' id='line_1_5' title="bbox 50 513 836 579; baseline 0.001 -19"><span class='ocrx_word' id='word_1_30' title='bbox 50 513 139 562; x_wconf 78' lang='lat' dir='ltr'>ethicae</span> <span class='ocrx_word' id='word_1_31' title='bbox 157 522 260 563; x_wconf 88' lang='lat' dir='ltr'>naturam</span> <span class='ocrx_word' id='word_1_32' title='bbox 278 516 483 572; x_wconf 87' lang='lat' dir='ltr'>etauctoritatem,</span> <span class='ocrx_word' id='word_1_33' title='bbox 509 532 557 563; x_wconf 90' lang='lat' dir='ltr'>non</span> <span class='ocrx_word' id='word_1_34' title='bbox 572 517 637 579; x_wconf 88' lang='lat' dir='ltr'>prius</span> <span class='ocrx_word' id='word_1_35' title='bbox 655 517 781 564; x_wconf 87' lang='lat' dir='ltr'>constitutis</span> <span class='ocrx_word' id='word_1_36' title='bbox 804 516 836 562; x_wconf 89' lang='lat' dir='ltr'>si-</span> 
     </span>
     <span class='ocr_line' id='line_1_6' title="bbox 50 587 837 650; baseline -0.001 -18"><span class='ocrx_word' id='word_1_37' title='bbox 50 588 113 648; x_wconf 80' lang='lat' dir='ltr'>gnis,</span> <span class='ocrx_word' id='word_1_38' title='bbox 141 588 164 634; x_wconf 94' lang='lat' dir='ltr'>in</span> <span class='ocrx_word' id='word_1_39' title='bbox 188 589 270 648; x_wconf 88' lang='lat' dir='ltr'>quibus</span> <span class='ocrx_word' id='word_1_40' title='bbox 295 587 371 634; x_wconf 89' lang='lat' dir='ltr'>ethica</span> <span class='ocrx_word' id='word_1_41' title='bbox 392 587 514 632; x_wconf 87' lang='lat' dir='ltr'>necessitas</span> <span class='ocrx_word' id='word_1_42' title='bbox 536 594 675 644; x_wconf 89' lang='lat' dir='ltr'>cerneretur,</span> <span class='ocrx_word' id='word_1_43' title='bbox 696 605 743 635; x_wconf 92' lang='lat' dir='ltr'>non</span> <span class='ocrx_word' id='word_1_44' title='bbox 760 587 837 650; x_wconf 91' lang='lat' dir='ltr'>potuit</span> 
     </span>
     <span class='ocr_line' id='line_1_7' title="bbox 48 656 836 718; baseline 0.003 -17"><span class='ocrx_word' id='word_1_45' title='bbox 48 658 152 718; x_wconf 90' lang='lat' dir='ltr'>praecidi</span> <span class='ocrx_word' id='word_1_46' title='bbox 171 666 210 704; x_wconf 90' lang='lat' dir='ltr'>ant</span> <span class='ocrx_word' id='word_1_47' title='bbox 228 659 307 704; x_wconf 88' lang='lat' dir='ltr'>levitas</span> <span class='ocrx_word' id='word_1_48' title='bbox 326 663 365 703; x_wconf 90' lang='lat' dir='ltr'>aut</span> <span class='ocrx_word' id='word_1_49' title='bbox 383 656 542 718; x_wconf 79' lang='lat' dir='ltr'>importunitas</span> <span class='ocrx_word' id='word_1_50' title='bbox 563 658 750 707; x_wconf 84' lang='lat' dir='ltr'>adversariorum.</span> <span class='ocrx_word' id='word_1_51' title='bbox 786 659 836 704; x_wconf 83' lang='lat' dir='ltr'>Ex-</span> 
     </span>
     <span class='ocr_line' id='line_1_8' title="bbox 49 726 835 791; baseline 0.001 -19"><span class='ocrx_word' id='word_1_52' title='bbox 49 728 153 773; x_wconf 88' lang='lat' dir='ltr'>stiternnt</span> <span class='ocrx_word' id='word_1_53' title='bbox 173 729 244 785; x_wconf 83' lang='lat' dir='ltr'>enim,</span> <span class='ocrx_word' id='word_1_54' title='bbox 273 727 323 787; x_wconf 79' lang='lat' dir='ltr'>qui,</span> <span class='ocrx_word' id='word_1_55' title='bbox 351 726 435 772; x_wconf 87' lang='lat' dir='ltr'>ethicas</span> <span class='ocrx_word' id='word_1_56' title='bbox 461 727 544 773; x_wconf 85' lang='lat' dir='ltr'>aliasve</span> <span class='ocrx_word' id='word_1_57' title='bbox 566 743 644 774; x_wconf 85' lang='lat' dir='ltr'>causas</span> <span class='ocrx_word' id='word_1_58' title='bbox 668 734 835 791; x_wconf 82' lang='lat' dir='ltr'>praetexentes,</span> 
     </span>
     <span class='ocr_line' id='line_1_9' title="bbox 49 797 835 859; baseline 0.001 -17"><span class='ocrx_word' id='word_1_59' title='bbox 49 804 89 842; x_wconf 90' lang='lat' dir='ltr'>ant</span> <span class='ocrx_word' id='word_1_60' title='bbox 110 798 284 859; x_wconf 87' lang='lat' dir='ltr'>amplitudinem</span> <span class='ocrx_word' id='word_1_61' title='bbox 304 802 343 842; x_wconf 91' lang='lat' dir='ltr'>aut</span> <span class='ocrx_word' id='word_1_62' title='bbox 360 797 493 842; x_wconf 80' lang='lat' dir='ltr'>tenuitatem</span> <span class='ocrx_word' id='word_1_63' title='bbox 513 797 543 843; x_wconf 91' lang='lat' dir='ltr'>de</span> <span class='ocrx_word' id='word_1_64' title='bbox 560 797 639 844; x_wconf 89' lang='lat' dir='ltr'>divinis</span> <span class='ocrx_word' id='word_1_65' title='bbox 654 800 723 846; x_wconf 89' lang='lat' dir='ltr'>rebus</span> <span class='ocrx_word' id='word_1_66' title='bbox 742 798 835 846; x_wconf 89' lang='lat' dir='ltr'>dicendi</span> 
     </span>
     <span class='ocr_line' id='line_1_10' title="bbox 48 866 835 929; baseline 0.001 -17"><span class='ocrx_word' id='word_1_67' title='bbox 48 868 154 912; x_wconf 85' lang='lat' dir='ltr'>laudibus</span> <span class='ocrx_word' id='word_1_68' title='bbox 179 869 329 913; x_wconf 82' lang='lat' dir='ltr'>celebrarent.</span> <span class='ocrx_word' id='word_1_69' title='bbox 374 866 484 912; x_wconf 77' lang='lat' dir='ltr'>Universd</span> <span class='ocrx_word' id='word_1_70' title='bbox 501 868 540 913; x_wconf 76' lang='lat' dir='ltr'>ille</span> <span class='ocrx_word' id='word_1_71' title='bbox 558 870 700 928; x_wconf 83' lang='lat' dir='ltr'>quaestione,</span> <span class='ocrx_word' id='word_1_72' title='bbox 721 886 781 929; x_wconf 90' lang='lat' dir='ltr'>quae</span> <span class='ocrx_word' id='word_1_73' title='bbox 801 874 835 914; x_wconf 89' lang='lat' dir='ltr'>est</span> 
     </span>
     <span class='ocr_line' id='line_1_11' title="bbox 49 937 835 996; baseline 0.003 -15"><span class='ocrx_word' id='word_1_74' title='bbox 49 937 79 982; x_wconf 93' lang='lat' dir='ltr'>de</span> <span class='ocrx_word' id='word_1_75' title='bbox 98 937 225 982; x_wconf 88' lang='lat' dir='ltr'>ethicarum</span> <span class='ocrx_word' id='word_1_76' title='bbox 245 938 418 996; x_wconf 83' lang='lat' dir='ltr'>divinarumque</span> <span class='ocrx_word' id='word_1_77' title='bbox 435 952 513 981; x_wconf 88' lang='lat' dir='ltr'>rerum</span> <span class='ocrx_word' id='word_1_78' title='bbox 531 939 590 982; x_wconf 89' lang='lat' dir='ltr'>inter</span> <span class='ocrx_word' id='word_1_79' title='bbox 611 955 636 984; x_wconf 90' lang='lat' dir='ltr'>se</span> <span class='ocrx_word' id='word_1_80' title='bbox 659 939 835 996; x_wconf 85' lang='lat' dir='ltr'>necessitudine,</span> 
     </span>
     <span class='ocr_line' id='line_1_12' title="bbox 49 1005 837 1068; baseline 0.004 -19"><span class='ocrx_word' id='word_1_81' title='bbox 49 1005 80 1049; x_wconf 90' lang='lat' dir='ltr'>ad</span> <span class='ocrx_word' id='word_1_82' title='bbox 104 1007 189 1050; x_wconf 84' lang='lat' dir='ltr'>exitum</span> <span class='ocrx_word' id='word_1_83' title='bbox 208 1005 299 1051; x_wconf 88' lang='lat' dir='ltr'>minime</span> <span class='ocrx_word' id='word_1_84' title='bbox 319 1005 443 1066; x_wconf 69' lang='lat' dir='ltr'>perducta,</span> <span class='ocrx_word' id='word_1_85' title='bbox 474 1022 521 1050; x_wconf 92' lang='lat' dir='ltr'>non</span> <span class='ocrx_word' id='word_1_86' title='bbox 541 1007 617 1067; x_wconf 88' lang='lat' dir='ltr'>potuit</span> <span class='ocrx_word' id='word_1_87' title='bbox 638 1007 711 1052; x_wconf 89' lang='lat' dir='ltr'>videri</span> <span class='ocrx_word' id='word_1_88' title='bbox 732 1023 761 1053; x_wconf 82' lang='lat' dir='ltr'>ex</span> <span class='ocrx_word' id='word_1_89' title='bbox 779 1008 837 1068; x_wconf 85' lang='lat' dir='ltr'>ipsis</span> 
     </span>
     <span class='ocr_line' id='line_1_13' title="bbox 48 1075 836 1136; baseline 0 -16"><span class='ocrx_word' id='word_1_90' title='bbox 48 1075 118 1120; x_wconf 82' lang='lat' dir='ltr'>rebus</span> <span class='ocrx_word' id='word_1_91' title='bbox 138 1075 248 1136; x_wconf 85' lang='lat' dir='ltr'>deinceps</span> <span class='ocrx_word' id='word_1_92' title='bbox 265 1075 388 1135; x_wconf 89' lang='lat' dir='ltr'>propositis</span> <span class='ocrx_word' id='word_1_93' title='bbox 407 1075 548 1119; x_wconf 89' lang='lat' dir='ltr'>intellectum</span> <span class='ocrx_word' id='word_1_94' title='bbox 567 1076 602 1132; x_wconf 86' lang='lat' dir='ltr'>iri,</span> <span class='ocrx_word' id='word_1_95' title='bbox 625 1091 695 1135; x_wconf 90' lang='lat' dir='ltr'>quam</span> <span class='ocrx_word' id='word_1_96' title='bbox 710 1082 774 1122; x_wconf 88' lang='lat' dir='ltr'>recte</span> <span class='ocrx_word' id='word_1_97' title='bbox 788 1077 836 1120; x_wconf 92' lang='lat' dir='ltr'>sin-</span> 
     </span>
     <span class='ocr_line' id='line_1_14' title="bbox 48 1141 836 1205; baseline 0.001 -17"><span class='ocrx_word' id='word_1_98' title='bbox 48 1145 119 1205; x_wconf 84' lang='lat' dir='ltr'>gulae</span> <span class='ocrx_word' id='word_1_99' title='bbox 141 1143 187 1189; x_wconf 92' lang='lat' dir='ltr'>hae</span> <span class='ocrx_word' id='word_1_100' title='bbox 208 1144 246 1189; x_wconf 90' lang='lat' dir='ltr'>vel</span> <span class='ocrx_word' id='word_1_101' title='bbox 265 1160 293 1188; x_wconf 86' lang='lat' dir='ltr'>ex</span> <span class='ocrx_word' id='word_1_102' title='bbox 312 1143 389 1203; x_wconf 69' lang='lat' dir='ltr'>logici</span> <span class='ocrx_word' id='word_1_103' title='bbox 408 1141 549 1203; x_wconf 86' lang='lat' dir='ltr'>suffragandi</span> <span class='ocrx_word' id='word_1_104' title='bbox 571 1144 609 1188; x_wconf 86' lang='lat' dir='ltr'>vel</span> <span class='ocrx_word' id='word_1_105' title='bbox 631 1159 659 1189; x_wconf 84' lang='lat' dir='ltr'>ex</span> <span class='ocrx_word' id='word_1_106' title='bbox 679 1145 754 1191; x_wconf 70' lang='lat' dir='ltr'>ethich</span> <span class='ocrx_word' id='word_1_107' title='bbox 773 1145 836 1190; x_wconf 89' lang='lat' dir='ltr'>arhi-</span> 
     </span>
     <span class='ocr_line' id='line_1_15' title="bbox 48 1212 835 1272; baseline 0.003 -13"><span class='ocrx_word' id='word_1_108' title='bbox 48 1215 124 1260; x_wconf 89' lang='lat' dir='ltr'>trandi</span> <span class='ocrx_word' id='word_1_109' title='bbox 141 1216 275 1261; x_wconf 88' lang='lat' dir='ltr'>necessitate</span> <span class='ocrx_word' id='word_1_110' title='bbox 294 1213 407 1259; x_wconf 86' lang='lat' dir='ltr'>deductae</span> <span class='ocrx_word' id='word_1_111' title='bbox 428 1218 508 1258; x_wconf 85' lang='lat' dir='ltr'>essent.</span> <span class='ocrx_word' id='word_1_112' title='bbox 543 1212 629 1259; x_wconf 87' lang='lat' dir='ltr'>Docuit</span> <span class='ocrx_word' id='word_1_113' title='bbox 644 1219 721 1260; x_wconf 90' lang='lat' dir='ltr'>autem</span> <span class='ocrx_word' id='word_1_114' title='bbox 735 1213 835 1272; x_wconf 84' lang='lat' dir='ltr'>Herme-</span> 
     </span>
     <span class='ocr_line' id='line_1_16' title="bbox 49 1283 837 1347; baseline -0.003 -14"><span class='ocrx_word' id='word_1_115' title='bbox 49 1287 108 1333; x_wconf 88' lang='lat' dir='ltr'>sius:</span> <span class='ocrx_word' id='word_1_116' title='bbox 126 1287 150 1333; x_wconf 91' lang='lat' dir='ltr'>in</span> <span class='ocrx_word' id='word_1_117' title='bbox 168 1288 275 1333; x_wconf 84' lang='lat' dir='ltr'>universo</span> <span class='ocrx_word' id='word_1_118' title='bbox 293 1300 380 1347; x_wconf 82' lang='lat' dir='ltr'>genere</span> <span class='ocrx_word' id='word_1_119' title='bbox 398 1283 524 1330; x_wconf 89' lang='lat' dir='ltr'>divinarum</span> <span class='ocrx_word' id='word_1_120' title='bbox 541 1300 630 1340; x_wconf 69' lang='lat' dir='ltr'>rerum,</span> <span class='ocrx_word' id='word_1_121' title='bbox 648 1285 689 1330; x_wconf 90' lang='lat' dir='ltr'>uhi</span> <span class='ocrx_word' id='word_1_122' title='bbox 708 1291 837 1347; x_wconf 77' lang='lat' dir='ltr'>quaeratur,</span> 
     </span>
     <span class='ocr_line' id='line_1_17' title="bbox 48 1355 837 1415; baseline -0.001 -11"><span class='ocrx_word' id='word_1_123' title='bbox 48 1374 104 1409; x_wconf 90' lang='lat' dir='ltr'>num</span> <span class='ocrx_word' id='word_1_124' title='bbox 123 1359 151 1404; x_wconf 90' lang='lat' dir='ltr'>sit</span> <span class='ocrx_word' id='word_1_125' title='bbox 169 1358 225 1404; x_wconf 88' lang='lat' dir='ltr'>deus</span> <span class='ocrx_word' id='word_1_126' title='bbox 246 1363 268 1403; x_wconf 93' lang='lat' dir='ltr'>et</span> <span class='ocrx_word' id='word_1_127' title='bbox 287 1372 342 1403; x_wconf 89' lang='lat' dir='ltr'>num</span> <span class='ocrx_word' id='word_1_128' title='bbox 357 1355 465 1402; x_wconf 86' lang='lat' dir='ltr'>exstiterit</span> <span class='ocrx_word' id='word_1_129' title='bbox 481 1355 591 1402; x_wconf 86' lang='lat' dir='ltr'>revelatio</span> <span class='ocrx_word' id='word_1_130' title='bbox 609 1356 707 1415; x_wconf 86' lang='lat' dir='ltr'>illarum,</span> <span class='ocrx_word' id='word_1_131' title='bbox 726 1358 837 1404; x_wconf 86' lang='lat' dir='ltr'>maiorem</span> 
     </span>
     <span class='ocr_line' id='line_1_18' title="bbox 49 1427 836 1491; baseline -0.003 -16"><span class='ocrx_word' id='word_1_132' title='bbox 49 1445 100 1475; x_wconf 90' lang='lat' dir='ltr'>esse</span> <span class='ocrx_word' id='word_1_133' title='bbox 114 1429 205 1491; x_wconf 82' lang='lat' dir='ltr'>logicae</span> <span class='ocrx_word' id='word_1_134' title='bbox 220 1427 418 1475; x_wconf 85' lang='lat' dir='ltr'>demonstrationis</span> <span class='ocrx_word' id='word_1_135' title='bbox 431 1442 509 1483; x_wconf 84' lang='lat' dir='ltr'>usnm3</span> <span class='ocrx_word' id='word_1_136' title='bbox 526 1427 550 1472; x_wconf 92' lang='lat' dir='ltr'>in</span> <span class='ocrx_word' id='word_1_137' title='bbox 563 1427 645 1474; x_wconf 88' lang='lat' dir='ltr'>iisdem</span> <span class='ocrx_word' id='word_1_138' title='bbox 659 1429 728 1474; x_wconf 87' lang='lat' dir='ltr'>rebus</span> <span class='ocrx_word' id='word_1_139' title='bbox 743 1445 757 1473; x_wconf 91' lang='lat' dir='ltr'>a</span> <span class='ocrx_word' id='word_1_140' title='bbox 768 1428 836 1475; x_wconf 82' lang='lat' dir='ltr'>Chri-</span> 
     </span>
     <span class='ocr_line' id='line_1_19' title="bbox 49 1497 836 1558; baseline -0.001 -13"><span class='ocrx_word' id='word_1_141' title='bbox 49 1505 85 1545; x_wconf 92' lang='lat' dir='ltr'>sto</span> <span class='ocrx_word' id='word_1_142' title='bbox 102 1500 133 1544; x_wconf 90' lang='lat' dir='ltr'>ad</span> <span class='ocrx_word' id='word_1_143' title='bbox 152 1499 276 1545; x_wconf 86' lang='lat' dir='ltr'>humanam</span> <span class='ocrx_word' id='word_1_144' title='bbox 295 1514 345 1544; x_wconf 88' lang='lat' dir='ltr'>rem</span> <span class='ocrx_word' id='word_1_145' title='bbox 364 1498 491 1558; x_wconf 80' lang='lat' dir='ltr'>applicatis,</span> <span class='ocrx_word' id='word_1_146' title='bbox 509 1498 549 1542; x_wconf 90' lang='lat' dir='ltr'>ubi</span> <span class='ocrx_word' id='word_1_147' title='bbox 569 1499 599 1543; x_wconf 94' lang='lat' dir='ltr'>de</span> <span class='ocrx_word' id='word_1_148' title='bbox 611 1497 691 1544; x_wconf 71' lang='lat' dir='ltr'>naturai</span> <span class='ocrx_word' id='word_1_149' title='bbox 708 1499 745 1543; x_wconf 89' lang='lat' dir='ltr'>dei</span> <span class='ocrx_word' id='word_1_150' title='bbox 765 1498 836 1544; x_wconf 89' lang='lat' dir='ltr'>aede</span> 
     </span>
     <span class='ocr_line' id='line_1_20' title="bbox 49 1566 836 1630; baseline 0 -16"><span class='ocrx_word' id='word_1_151' title='bbox 49 1576 186 1630; x_wconf 90' lang='lat' dir='ltr'>argumento</span> <span class='ocrx_word' id='word_1_152' title='bbox 206 1569 338 1615; x_wconf 85' lang='lat' dir='ltr'>revelationi</span> <span class='ocrx_word' id='word_1_153' title='bbox 361 1566 462 1612; x_wconf 88' lang='lat' dir='ltr'>subiecto</span> <span class='ocrx_word' id='word_1_154' title='bbox 483 1573 617 1626; x_wconf 81' lang='lat' dir='ltr'>quaeratur,</span> <span class='ocrx_word' id='word_1_155' title='bbox 640 1569 750 1614; x_wconf 89' lang='lat' dir='ltr'>maiorem</span> <span class='ocrx_word' id='word_1_156' title='bbox 768 1584 836 1614; x_wconf 86' lang='lat' dir='ltr'>usum</span> 
     </span>
     <span class='ocr_line' id='line_1_21' title="bbox 50 1635 836 1700; baseline -0.001 -17"><span class='ocrx_word' id='word_1_157' title='bbox 50 1655 99 1683; x_wconf 89' lang='lat' dir='ltr'>esse</span> <span class='ocrx_word' id='word_1_158' title='bbox 123 1638 212 1683; x_wconf 88' lang='lat' dir='ltr'>ethicae</span> <span class='ocrx_word' id='word_1_159' title='bbox 240 1635 412 1683; x_wconf 84' lang='lat' dir='ltr'>existimationis.</span> <span class='ocrx_word' id='word_1_160' title='bbox 452 1636 529 1695; x_wconf 87' lang='lat' dir='ltr'>Atque</span> <span class='ocrx_word' id='word_1_161' title='bbox 549 1636 608 1682; x_wconf 91' lang='lat' dir='ltr'>adeo</span> <span class='ocrx_word' id='word_1_162' title='bbox 626 1639 720 1699; x_wconf 82' lang='lat' dir='ltr'>negavit</span> <span class='ocrx_word' id='word_1_163' title='bbox 735 1653 836 1700; x_wconf 83' lang='lat' dir='ltr'>magno-</span> 
     </span>
     <span class='ocr_line' id='line_1_22' title="bbox 49 1706 836 1768; baseline 0.001 -16"><span class='ocrx_word' id='word_1_164' title='bbox 49 1723 106 1768; x_wconf 89' lang='lat' dir='ltr'>pere</span> <span class='ocrx_word' id='word_1_165' title='bbox 117 1723 174 1765; x_wconf 81' lang='lat' dir='ltr'>esse‚</span> <span class='ocrx_word' id='word_1_166' title='bbox 193 1723 233 1752; x_wconf 91' lang='lat' dir='ltr'>cur</span> <span class='ocrx_word' id='word_1_167' title='bbox 243 1708 273 1751; x_wconf 91' lang='lat' dir='ltr'>de</span> <span class='ocrx_word' id='word_1_168' title='bbox 286 1721 330 1751; x_wconf 89' lang='lat' dir='ltr'>usu</span> <span class='ocrx_word' id='word_1_169' title='bbox 338 1720 367 1749; x_wconf 89' lang='lat' dir='ltr'>eo</span> <span class='ocrx_word' id='word_1_170' title='bbox 376 1710 504 1763; x_wconf 79' lang='lat' dir='ltr'>quaeratur,</span> <span class='ocrx_word' id='word_1_171' title='bbox 524 1706 565 1764; x_wconf 89' lang='lat' dir='ltr'>qui</span> <span class='ocrx_word' id='word_1_172' title='bbox 583 1707 612 1751; x_wconf 93' lang='lat' dir='ltr'>sit</span> <span class='ocrx_word' id='word_1_173' title='bbox 628 1707 767 1753; x_wconf 87' lang='lat' dir='ltr'>necessitatis</span> <span class='ocrx_word' id='word_1_174' title='bbox 788 1709 836 1753; x_wconf 85' lang='lat' dir='ltr'>sive</span> 
     </span>
     <span class='ocr_line' id='line_1_23' title="bbox 48 1772 836 1836; baseline 0.003 -16"><span class='ocrx_word' id='word_1_175' title='bbox 48 1777 139 1836; x_wconf 78' lang='lat' dir='ltr'>logicae</span> <span class='ocrx_word' id='word_1_176' title='bbox 155 1778 202 1821; x_wconf 87' lang='lat' dir='ltr'>sive</span> <span class='ocrx_word' id='word_1_177' title='bbox 218 1772 307 1820; x_wconf 89' lang='lat' dir='ltr'>ethicae</span> <span class='ocrx_word' id='word_1_178' title='bbox 320 1775 344 1819; x_wconf 88' lang='lat' dir='ltr'>in</span> <span class='ocrx_word' id='word_1_179' title='bbox 360 1773 483 1818; x_wconf 88' lang='lat' dir='ltr'>christianis</span> <span class='ocrx_word' id='word_1_180' title='bbox 500 1773 569 1818; x_wconf 91' lang='lat' dir='ltr'>rebus</span> <span class='ocrx_word' id='word_1_181' title='bbox 588 1776 739 1821; x_wconf 87' lang='lat' dir='ltr'>aestimandis.</span> <span class='ocrx_word' id='word_1_182' title='bbox 774 1777 836 1822; x_wconf 86' lang='lat' dir='ltr'>Satis</span> 
     </span>
     <span class='ocr_line' id='line_1_24' title="bbox 48 1842 836 1902; baseline 0.003 -14"><span class='ocrx_word' id='word_1_183' title='bbox 48 1851 95 1901; x_wconf 83' lang='lat' dir='ltr'>est,</span> <span class='ocrx_word' id='word_1_184' title='bbox 113 1846 196 1902; x_wconf 83' lang='lat' dir='ltr'>inquit,</span> <span class='ocrx_word' id='word_1_185' title='bbox 216 1859 244 1888; x_wconf 86' lang='lat' dir='ltr'>ex</span> <span class='ocrx_word' id='word_1_186' title='bbox 261 1845 299 1899; x_wconf 84' lang='lat' dir='ltr'>iis,</span> <span class='ocrx_word' id='word_1_187' title='bbox 318 1858 378 1901; x_wconf 90' lang='lat' dir='ltr'>quae</span> <span class='ocrx_word' id='word_1_188' title='bbox 397 1842 513 1900; x_wconf 85' lang='lat' dir='ltr'>disputata</span> <span class='ocrx_word' id='word_1_189' title='bbox 531 1847 593 1900; x_wconf 82' lang='lat' dir='ltr'>sunt,</span> <span class='ocrx_word' id='word_1_190' title='bbox 610 1844 754 1902; x_wconf 77' lang='lat' dir='ltr'>intellexisse,</span> <span class='ocrx_word' id='word_1_191' title='bbox 775 1847 836 1891; x_wconf 85' lang='lat' dir='ltr'>viam</span> 
     </span>
     <span class='ocr_line' id='line_1_25' title="bbox 48 1910 837 1974; baseline 0.003 -17"><span class='ocrx_word' id='word_1_192' title='bbox 48 1912 79 1957; x_wconf 89' lang='lat' dir='ltr'>ad</span> <span class='ocrx_word' id='word_1_193' title='bbox 102 1928 182 1957; x_wconf 85' lang='lat' dir='ltr'>verum</span> <span class='ocrx_word' id='word_1_194' title='bbox 208 1918 270 1957; x_wconf 86' lang='lat' dir='ltr'>certo</span> <span class='ocrx_word' id='word_1_195' title='bbox 296 1910 484 1972; x_wconf 86' lang='lat' dir='ltr'>cognoscendum</span> <span class='ocrx_word' id='word_1_196' title='bbox 506 1915 600 1970; x_wconf 87' lang='lat' dir='ltr'>praeter</span> <span class='ocrx_word' id='word_1_197' title='bbox 624 1928 687 1967; x_wconf 83' lang='lat' dir='ltr'>earn,</span> <span class='ocrx_word' id='word_1_198' title='bbox 716 1929 776 1972; x_wconf 91' lang='lat' dir='ltr'>quae</span> <span class='ocrx_word' id='word_1_199' title='bbox 793 1929 837 1974; x_wconf 92' lang='lat' dir='ltr'>per</span> 
     </span>
     <span class='ocr_line' id='line_1_26' title="bbox 49 1980 836 2045; baseline -0.001 -17"><span class='ocrx_word' id='word_1_200' title='bbox 49 1982 167 2045; x_wconf 88' lang='lat' dir='ltr'>duplicem</span> <span class='ocrx_word' id='word_1_201' title='bbox 188 1983 252 2027; x_wconf 88' lang='lat' dir='ltr'>illam</span> <span class='ocrx_word' id='word_1_202' title='bbox 273 1980 432 2026; x_wconf 87' lang='lat' dir='ltr'>necessitatem</span> <span class='ocrx_word' id='word_1_203' title='bbox 455 1986 537 2040; x_wconf 87' lang='lat' dir='ltr'>aperta</span> <span class='ocrx_word' id='word_1_204' title='bbox 561 1986 606 2039; x_wconf 86' lang='lat' dir='ltr'>est,</span> <span class='ocrx_word' id='word_1_205' title='bbox 637 1988 718 2042; x_wconf 87' lang='lat' dir='ltr'>patere</span> <span class='ocrx_word' id='word_1_206' title='bbox 742 1982 836 2041; x_wconf 76' lang='lat' dir='ltr'>nnllam,</span> 
     </span>
     <span class='ocr_line' id='line_1_27' title="bbox 49 2052 835 2116; baseline 0.003 -20"><span class='ocrx_word' id='word_1_207' title='bbox 49 2054 147 2100; x_wconf 91' lang='lat' dir='ltr'>eandem</span> <span class='ocrx_word' id='word_1_208' title='bbox 169 2055 250 2116; x_wconf 84' lang='lat' dir='ltr'>igitur,</span> <span class='ocrx_word' id='word_1_209' title='bbox 282 2058 397 2112; x_wconf 89' lang='lat' dir='ltr'>utcunque</span> <span class='ocrx_word' id='word_1_210' title='bbox 424 2052 547 2112; x_wconf 73' lang='lat' dir='ltr'>incertam,</span> <span class='ocrx_word' id='word_1_211' title='bbox 579 2053 756 2115; x_wconf 75' lang='lat' dir='ltr'>ingrediendam</span> <span class='ocrx_word' id='word_1_212' title='bbox 779 2070 835 2102; x_wconf 87' lang='lat' dir='ltr'>esse.</span> 
     </span>
     <span class='ocr_line' id='line_1_28' title="bbox 49 2123 835 2183; baseline 0.001 -13"><span class='ocrx_word' id='word_1_213' title='bbox 49 2123 103 2170; x_wconf 89' lang='lat' dir='ltr'>Hoc</span> <span class='ocrx_word' id='word_1_214' title='bbox 122 2126 182 2172; x_wconf 89' lang='lat' dir='ltr'>enim</span> <span class='ocrx_word' id='word_1_215' title='bbox 201 2125 324 2183; x_wconf 80' lang='lat' dir='ltr'>intellecto,</span> <span class='ocrx_word' id='word_1_216' title='bbox 343 2124 367 2169; x_wconf 85' lang='lat' dir='ltr'>in</span> <span class='ocrx_word' id='word_1_217' title='bbox 387 2137 415 2168; x_wconf 91' lang='lat' dir='ltr'>eo</span> <span class='ocrx_word' id='word_1_218' title='bbox 434 2137 510 2168; x_wconf 90' lang='lat' dir='ltr'>sumus</span> <span class='ocrx_word' id='word_1_219' title='bbox 527 2123 580 2169; x_wconf 91' lang='lat' dir='ltr'>loco</span> <span class='ocrx_word' id='word_1_220' title='bbox 598 2125 717 2183; x_wconf 85' lang='lat' dir='ltr'>constituti,</span> <span class='ocrx_word' id='word_1_221' title='bbox 736 2129 835 2171; x_wconf 91' lang='lat' dir='ltr'>utccrto</span> 
     </span>
     <span class='ocr_line' id='line_1_29' title="bbox 51 2193 835 2258; baseline 0.003 -18"><span class='ocrx_word' id='word_1_222' title='bbox 51 2197 166 2258; x_wconf 87' lang='lat' dir='ltr'>cognituri</span> <span class='ocrx_word' id='word_1_223' title='bbox 184 2198 260 2256; x_wconf 74' lang='lat' dir='ltr'>simus,</span> <span class='ocrx_word' id='word_1_224' title='bbox 282 2201 321 2242; x_wconf 88' lang='lat' dir='ltr'>aut</span> <span class='ocrx_word' id='word_1_225' title='bbox 338 2210 408 2257; x_wconf 88' lang='lat' dir='ltr'>posse</span> <span class='ocrx_word' id='word_1_226' title='bbox 426 2193 527 2254; x_wconf 90' lang='lat' dir='ltr'>ideoque</span> <span class='ocrx_word' id='word_1_227' title='bbox 546 2194 631 2241; x_wconf 86' lang='lat' dir='ltr'>debere</span> <span class='ocrx_word' id='word_1_228' title='bbox 650 2199 688 2240; x_wconf 90' lang='lat' dir='ltr'>aut</span> <span class='ocrx_word' id='word_1_229' title='bbox 704 2209 750 2240; x_wconf 87' lang='lat' dir='ltr'>non</span> <span class='ocrx_word' id='word_1_230' title='bbox 764 2211 835 2256; x_wconf 84' lang='lat' dir='ltr'>posse</span> 
     </span>
     <span class='ocr_line' id='line_1_30' title="bbox 49 2265 835 2327; baseline 0.004 -18"><span class='ocrx_word' id='word_1_231' title='bbox 49 2266 151 2326; x_wconf 89' lang='lat' dir='ltr'>ideoque</span> <span class='ocrx_word' id='word_1_232' title='bbox 173 2284 216 2313; x_wconf 89' lang='lat' dir='ltr'>nec</span> <span class='ocrx_word' id='word_1_233' title='bbox 239 2268 325 2313; x_wconf 88' lang='lat' dir='ltr'>debere</span> <span class='ocrx_word' id='word_1_234' title='bbox 350 2265 397 2311; x_wconf 86' lang='lat' dir='ltr'>sive</span> <span class='ocrx_word' id='word_1_235' title='bbox 419 2265 496 2326; x_wconf 89' lang='lat' dir='ltr'>logice</span> <span class='ocrx_word' id='word_1_236' title='bbox 521 2265 669 2327; x_wconf 83' lang='lat' dir='ltr'>suffragando</span> <span class='ocrx_word' id='word_1_237' title='bbox 691 2266 737 2310; x_wconf 88' lang='lat' dir='ltr'>sire</span> <span class='ocrx_word' id='word_1_238' title='bbox 760 2266 835 2312; x_wconf 89' lang='lat' dir='ltr'>ethice</span> 
     </span>
     <span class='ocr_line' id='line_1_31' title="bbox 50 2335 763 2397; baseline 0 -17"><span class='ocrx_word' id='word_1_239' title='bbox 50 2337 182 2383; x_wconf 88' lang='lat' dir='ltr'>arbitrando</span> <span class='ocrx_word' id='word_1_240' title='bbox 201 2339 231 2384; x_wconf 89' lang='lat' dir='ltr'>de</span> <span class='ocrx_word' id='word_1_241' title='bbox 250 2337 385 2384; x_wconf 85' lang='lat' dir='ltr'>christianae</span> <span class='ocrx_word' id='word_1_242' title='bbox 404 2335 520 2397; x_wconf 85' lang='lat' dir='ltr'>religionis</span> <span class='ocrx_word' id='word_1_243' title='bbox 537 2336 631 2382; x_wconf 82' lang='lat' dir='ltr'>veritate</span> <span class='ocrx_word' id='word_1_244' title='bbox 647 2336 763 2397; x_wconf 83' lang='lat' dir='ltr'>cognosci.</span> 
     </span>
    </p>
   </div>
   <div class='ocr_carea' id='block_1_3' title="bbox 0 0 870 3169">
    <p class='ocr_par' dir='ltr' id='par_1_3' title="bbox 0 0 870 3169">
     <span class='ocr_line' id='line_1_32' title="bbox 0 0 870 3169; baseline 0 0"><span class='ocrx_word' id='word_1_245' title='bbox 0 0 870 3169; x_wconf 95' lang='lat' dir='ltr'> </span> 
     </span>
    </p>
   </div>
  </div>
 </body>
</html>
