<?xml version="1.0" encoding="UTF-8"?>
<!DOCTYPE html PUBLIC "-//W3C//DTD XHTML 1.0 Transitional//EN"
    "http://www.w3.org/TR/xhtml1/DTD/xhtml1-transitional.dtd">
<html xmlns="http://www.w3.org/1999/xhtml" xml:lang="en" lang="en">
 <head>
  <title>
</title>
<meta http-equiv="Content-Type" content="text/html;charset=utf-8" />
  <meta name='ocr-system' content='tesseract 3.04.00' />
  <meta name='ocr-capabilities' content='ocr_page ocr_carea ocr_par ocr_line ocrx_word'/>
</head>
<body>
  <div class='ocr_page' id='page_1' title='image "MN5160ucmf_1_0094.png"; bbox 0 0 1797 3152; ppageno 0'>
   <div class='ocr_carea' id='block_1_1' title="bbox 82 152 733 209">
    <p class='ocr_par' dir='ltr' id='par_1_1' title="bbox 82 152 733 209">
     <span class='ocr_line' id='line_1_1' title="bbox 82 152 733 209; baseline -0.006 -10"><span class='ocrx_word' id='word_1_1' title='bbox 82 153 116 199; x_wconf 77' lang='lat' dir='ltr'><strong>tt)</strong></span> <span class='ocrx_word' id='word_1_2' title='bbox 244 155 389 209; x_wconf 75' lang='lat' dir='ltr'><em>Philosophiae</em></span> <span class='ocrx_word' id='word_1_3' title='bbox 403 152 511 194; x_wconf 76' lang='lat' dir='ltr'><strong>Hermesh&#39;</strong></span> <span class='ocrx_word' id='word_1_4' title='bbox 523 152 578 195; x_wconf 82' lang='lat' dir='ltr'><strong>Pars</strong></span> <span class='ocrx_word' id='word_1_5' title='bbox 589 154 634 195; x_wconf 85' lang='lat' dir='ltr'><em>III.</em></span> <span class='ocrx_word' id='word_1_6' title='bbox 648 152 667 208; x_wconf 61' lang='grc' dir='ltr'><strong>ξ.</strong></span> <span class='ocrx_word' id='word_1_7' title='bbox 678 152 714 196; x_wconf 76' lang='lat'><strong>15.</strong></span> <span class='ocrx_word' id='word_1_8' title='bbox 731 163 733 167; x_wconf 85' lang='lat'>·</span> 
     </span>
    </p>
   </div>
   <div class='ocr_carea' id='block_1_2' title="bbox 71 275 878 3006">
    <p class='ocr_par' dir='ltr' id='par_1_2' title="bbox 71 275 878 3006">
     <span class='ocr_line' id='line_1_2' title="bbox 79 275 865 340; baseline 0 -16"><span class='ocrx_word' id='word_1_9' title='bbox 79 275 196 340; x_wconf 76' lang='lat' dir='ltr'><strong>proposita</strong></span> <span class='ocrx_word' id='word_1_10' title='bbox 213 276 346 335; x_wconf 75' lang='lat' dir='ltr'>quaestione</span> <span class='ocrx_word' id='word_1_11' title='bbox 364 276 515 333; x_wconf 88' lang='lat' dir='ltr'><strong>continentur,</strong></span> <span class='ocrx_word' id='word_1_12' title='bbox 530 275 645 338; x_wconf 79' lang='lat' dir='ltr'>neglectio</span> <span class='ocrx_word' id='word_1_13' title='bbox 661 276 732 322; x_wconf 87' lang='lat' dir='ltr'><strong>valuit</strong></span> <span class='ocrx_word' id='word_1_14' title='bbox 750 276 780 323; x_wconf 87' lang='lat' dir='ltr'><strong>ad</strong></span> <span class='ocrx_word' id='word_1_15' title='bbox 798 276 865 324; x_wconf 86' lang='lat' dir='ltr'><strong>huius</strong></span> 
     </span>
     <span class='ocr_line' id='line_1_3' title="bbox 79 341 866 407; baseline 0 -14"><span class='ocrx_word' id='word_1_16' title='bbox 79 349 200 393; x_wconf 87' lang='lat' dir='ltr'><strong>alteram</strong></span> <span class='ocrx_word' id='word_1_17' title='bbox 221 350 337 406; x_wconf 82' lang='lat' dir='ltr'><strong>partem</strong></span> <span class='ocrx_word' id='word_1_18' title='bbox 359 345 560 407; x_wconf 80' lang='lat' dir='ltr'><strong>corrumpendam.</strong></span> <span class='ocrx_word' id='word_1_19' title='bbox 600 347 627 392; x_wconf 92' lang='lat' dir='ltr'><strong>In</strong></span> <span class='ocrx_word' id='word_1_20' title='bbox 644 341 691 392; x_wconf 87' lang='lat' dir='ltr'><strong>hac</strong></span> <span class='ocrx_word' id='word_1_21' title='bbox 707 347 748 391; x_wconf 89' lang='lat' dir='ltr'><strong>ille</strong></span> <span class='ocrx_word' id='word_1_22' title='bbox 768 348 803 393; x_wconf 87' lang='lat' dir='ltr'><strong>ad</strong></span> <span class='ocrx_word' id='word_1_23' title='bbox 826 363 866 393; x_wconf 92' lang='lat' dir='ltr'><strong>so-</strong></span> 
     </span>
     <span class='ocr_line' id='line_1_4' title="bbox 77 416 865 477; baseline 0.004 -15"><span class='ocrx_word' id='word_1_24' title='bbox 77 419 121 462; x_wconf 84' lang='lat' dir='ltr'><strong>los</strong></span> <span class='ocrx_word' id='word_1_25' title='bbox 149 432 197 462; x_wconf 87' lang='lat' dir='ltr'><strong>cos</strong></span> <span class='ocrx_word' id='word_1_26' title='bbox 224 416 372 475; x_wconf 89' lang='lat' dir='ltr'><strong>homines,</strong></span> <span class='ocrx_word' id='word_1_27' title='bbox 402 417 451 477; x_wconf 88' lang='lat' dir='ltr'><strong>qui</strong></span> <span class='ocrx_word' id='word_1_28' title='bbox 474 432 529 462; x_wconf 90' lang='lat' dir='ltr'><strong>non</strong></span> <span class='ocrx_word' id='word_1_29' title='bbox 553 423 654 463; x_wconf 84' lang='lat' dir='ltr'><strong>essent</strong></span> <span class='ocrx_word' id='word_1_30' title='bbox 679 417 706 462; x_wconf 90' lang='lat' dir='ltr'><strong>in</strong></span> <span class='ocrx_word' id='word_1_31' title='bbox 729 417 865 477; x_wconf 90' lang='lat' dir='ltr'><strong>philoso-</strong></span> 
     </span>
     <span class='ocr_line' id='line_1_5' title="bbox 75 487 865 549; baseline 0.003 -18"><span class='ocrx_word' id='word_1_32' title='bbox 75 487 196 549; x_wconf 90' lang='lat' dir='ltr'><strong>phando</strong></span> <span class='ocrx_word' id='word_1_33' title='bbox 214 488 332 544; x_wconf 85' lang='lat' dir='ltr'><strong>versati,</strong></span> <span class='ocrx_word' id='word_1_34' title='bbox 356 487 456 534; x_wconf 83' lang='lat' dir='ltr'>ethicam</span> <span class='ocrx_word' id='word_1_35' title='bbox 467 487 612 534; x_wconf 85' lang='lat' dir='ltr'><strong>revelationis</strong></span> <span class='ocrx_word' id='word_1_36' title='bbox 626 488 784 534; x_wconf 89' lang='lat' dir='ltr'><strong>necessitatem</strong></span> <span class='ocrx_word' id='word_1_37' title='bbox 801 505 865 549; x_wconf 89' lang='lat' dir='ltr'><strong>per-</strong></span> 
     </span>
     <span class='ocr_line' id='line_1_6' title="bbox 74 558 878 615; baseline 0.002 -13"><span class='ocrx_word' id='word_1_38' title='bbox 74 558 171 604; x_wconf 83' lang='lat' dir='ltr'><strong>tinere</strong></span> <span class='ocrx_word' id='word_1_39' title='bbox 189 558 276 606; x_wconf 88' lang='lat' dir='ltr'><strong>docuit.</strong></span> <span class='ocrx_word' id='word_1_40' title='bbox 312 559 366 604; x_wconf 91' lang='lat' dir='ltr'><strong>Non</strong></span> <span class='ocrx_word' id='word_1_41' title='bbox 381 559 460 605; x_wconf 89' lang='lat' dir='ltr'><strong>docuit</strong></span> <span class='ocrx_word' id='word_1_42' title='bbox 469 574 524 605; x_wconf 89' lang='lat' dir='ltr'><strong>vero</strong></span> <span class='ocrx_word' id='word_1_43' title='bbox 535 559 595 605; x_wconf 89' lang='lat' dir='ltr'><strong>illud</strong></span> <span class='ocrx_word' id='word_1_44' title='bbox 604 559 757 605; x_wconf 87' lang='lat' dir='ltr'><strong>necessarium</strong></span> <span class='ocrx_word' id='word_1_45' title='bbox 769 575 824 615; x_wconf 89' lang='lat' dir='ltr'><strong>esse,</strong></span> <span class='ocrx_word' id='word_1_46' title='bbox 840 566 878 604; x_wconf 84' lang='lat' dir='ltr'><strong>ut.</strong></span> 
     </span>
     <span class='ocr_line' id='line_1_7' title="bbox 74 629 863 691; baseline 0.001 -18"><span class='ocrx_word' id='word_1_47' title='bbox 74 629 158 675; x_wconf 87' lang='lat' dir='ltr'><strong>facta</strong></span> <span class='ocrx_word' id='word_1_48' title='bbox 176 630 214 674; x_wconf 89' lang='lat' dir='ltr'><strong>sit</strong></span> <span class='ocrx_word' id='word_1_49' title='bbox 231 630 354 685; x_wconf 79' lang='lat' dir='ltr'><strong>revelati03</strong></span> <span class='ocrx_word' id='word_1_50' title='bbox 376 630 417 676; x_wconf 87' lang='lat' dir='ltr'><strong>sed</strong></span> <span class='ocrx_word' id='word_1_51' title='bbox 432 630 481 676; x_wconf 89' lang='lat' dir='ltr'><strong>hoc</strong></span> <span class='ocrx_word' id='word_1_52' title='bbox 493 630 572 675; x_wconf 90' lang='lat' dir='ltr'><strong>docuit</strong></span> <span class='ocrx_word' id='word_1_53' title='bbox 589 646 681 676; x_wconf 89' lang='lat' dir='ltr'><strong>necesse</strong></span> <span class='ocrx_word' id='word_1_54' title='bbox 697 645 753 686; x_wconf 89' lang='lat' dir='ltr'><strong>esse,</strong></span> <span class='ocrx_word' id='word_1_55' title='bbox 772 636 797 675; x_wconf 89' lang='lat' dir='ltr'><strong>ut</strong></span> <span class='ocrx_word' id='word_1_56' title='bbox 810 631 863 691; x_wconf 88' lang='lat' dir='ltr'><strong>opi-</strong></span> 
     </span>
     <span class='ocr_line' id='line_1_8' title="bbox 73 701 863 763; baseline 0.003 -19"><span class='ocrx_word' id='word_1_57' title='bbox 73 706 154 745; x_wconf 81' lang='lat' dir='ltr'><strong>nentur</strong></span> <span class='ocrx_word' id='word_1_58' title='bbox 171 701 218 759; x_wconf 87' lang='lat' dir='ltr'><strong>illi,</strong></span> <span class='ocrx_word' id='word_1_59' title='bbox 243 717 291 746; x_wconf 86' lang='lat' dir='ltr'><strong>esse</strong></span> <span class='ocrx_word' id='word_1_60' title='bbox 306 701 399 749; x_wconf 89' lang='lat' dir='ltr'><strong>factam.</strong></span> <span class='ocrx_word' id='word_1_61' title='bbox 434 701 495 746; x_wconf 88' lang='lat' dir='ltr'><strong>Nam</strong></span> <span class='ocrx_word' id='word_1_62' title='bbox 514 701 545 746; x_wconf 89' lang='lat' dir='ltr'><strong>ob</strong></span> <span class='ocrx_word' id='word_1_63' title='bbox 560 717 630 762; x_wconf 87' lang='lat' dir='ltr'><strong>quam</strong></span> <span class='ocrx_word' id='word_1_64' title='bbox 649 717 740 747; x_wconf 90' lang='lat' dir='ltr'><strong>causam</strong></span> <span class='ocrx_word' id='word_1_65' title='bbox 757 701 863 763; x_wconf 85' lang='lat' dir='ltr'><strong>indigere</strong></span> 
     </span>
     <span class='ocr_line' id='line_1_9' title="bbox 73 770 863 833; baseline 0 -18"><span class='ocrx_word' id='word_1_66' title='bbox 73 771 107 815; x_wconf 91' lang='lat' dir='ltr'><strong>illi</strong></span> <span class='ocrx_word' id='word_1_67' title='bbox 125 770 232 817; x_wconf 90' lang='lat' dir='ltr'><strong>dicuntur</strong></span> <span class='ocrx_word' id='word_1_68' title='bbox 250 772 327 816; x_wconf 90' lang='lat' dir='ltr'><strong>divino</strong></span> <span class='ocrx_word' id='word_1_69' title='bbox 347 781 399 818; x_wconf 94' lang='lat' dir='ltr'><strong>ortu</strong></span> <span class='ocrx_word' id='word_1_70' title='bbox 419 772 577 833; x_wconf 88' lang='lat' dir='ltr'><strong>institutionis,</strong></span> <span class='ocrx_word' id='word_1_71' title='bbox 604 774 636 818; x_wconf 90' lang='lat' dir='ltr'><strong>ob</strong></span> <span class='ocrx_word' id='word_1_72' title='bbox 655 789 705 817; x_wconf 92' lang='lat' dir='ltr'><strong>eam</strong></span> <span class='ocrx_word' id='word_1_73' title='bbox 723 772 797 831; x_wconf 83' lang='lat' dir='ltr'>ipsam</span> <span class='ocrx_word' id='word_1_74' title='bbox 813 772 863 828; x_wconf 88' lang='lat' dir='ltr'><strong>fieri</strong></span> 
     </span>
     <span class='ocr_line' id='line_1_10' title="bbox 74 842 860 903; baseline 0.005 -17"><span class='ocrx_word' id='word_1_75' title='bbox 74 857 119 886; x_wconf 92' lang='lat' dir='ltr'><strong>non</strong></span> <span class='ocrx_word' id='word_1_76' title='bbox 137 848 214 903; x_wconf 89' lang='lat' dir='ltr'><strong>potest</strong></span> <span class='ocrx_word' id='word_1_77' title='bbox 232 843 287 902; x_wconf 90' lang='lat' dir='ltr'><strong>quin</strong></span> <span class='ocrx_word' id='word_1_78' title='bbox 299 842 357 888; x_wconf 81' lang='lat' dir='ltr'><strong>nihil</strong></span> <span class='ocrx_word' id='word_1_79' title='bbox 374 843 460 888; x_wconf 89' lang='lat' dir='ltr'><strong>intersit</strong></span> <span class='ocrx_word' id='word_1_80' title='bbox 474 844 574 901; x_wconf 91' lang='lat' dir='ltr'><strong>illorum,</strong></span> <span class='ocrx_word' id='word_1_81' title='bbox 591 850 616 887; x_wconf 89' lang='lat' dir='ltr'><strong>ut</strong></span> <span class='ocrx_word' id='word_1_82' title='bbox 628 844 695 888; x_wconf 89' lang='lat' dir='ltr'><strong>fuerit</strong></span> <span class='ocrx_word' id='word_1_83' title='bbox 712 842 752 889; x_wconf 90' lang='lat' dir='ltr'><strong>hic</strong></span> <span class='ocrx_word' id='word_1_84' title='bbox 766 843 860 891; x_wconf 76' lang='lat' dir='ltr'><strong>divinus,</strong></span> 
     </span>
     <span class='ocr_line' id='line_1_11' title="bbox 74 913 862 969; baseline 0.001 -12"><span class='ocrx_word' id='word_1_85' title='bbox 74 913 141 969; x_wconf 77' lang='lat' dir='ltr'><strong>Quae</strong></span> <span class='ocrx_word' id='word_1_86' title='bbox 165 913 255 960; x_wconf 79' lang='lat' dir='ltr'><strong>ethicae</strong></span> <span class='ocrx_word' id='word_1_87' title='bbox 274 915 356 959; x_wconf 87' lang='lat' dir='ltr'><strong>mentis</strong></span> <span class='ocrx_word' id='word_1_88' title='bbox 379 914 472 957; x_wconf 90' lang='lat' dir='ltr'><strong>illorum</strong></span> <span class='ocrx_word' id='word_1_89' title='bbox 490 913 634 961; x_wconf 80' lang='lat' dir='ltr'><strong>imbecillitas</strong></span> <span class='ocrx_word' id='word_1_90' title='bbox 652 915 807 959; x_wconf 86' lang='lat' dir='ltr'><strong>necessitatem</strong></span> <span class='ocrx_word' id='word_1_91' title='bbox 826 914 862 958; x_wconf 94' lang='lat' dir='ltr'><strong>di-</strong></span> 
     </span>
     <span class='ocr_line' id='line_1_12' title="bbox 73 983 861 1041; baseline 0.001 -14"><span class='ocrx_word' id='word_1_92' title='bbox 73 984 140 1029; x_wconf 79' lang='lat' dir='ltr'><strong>vinae</strong></span> <span class='ocrx_word' id='word_1_93' title='bbox 151 984 294 1028; x_wconf 88' lang='lat' dir='ltr'><strong>institutionis</strong></span> <span class='ocrx_word' id='word_1_94' title='bbox 308 984 408 1029; x_wconf 85' lang='lat' dir='ltr'><strong>attulisse</strong></span> <span class='ocrx_word' id='word_1_95' title='bbox 422 983 511 1041; x_wconf 89' lang='lat' dir='ltr'><strong>dicitur,</strong></span> <span class='ocrx_word' id='word_1_96' title='bbox 530 985 611 1029; x_wconf 89' lang='lat' dir='ltr'><strong>eadem</strong></span> <span class='ocrx_word' id='word_1_97' title='bbox 626 984 717 1029; x_wconf 87' lang='lat' dir='ltr'><strong>abstulit</strong></span> <span class='ocrx_word' id='word_1_98' title='bbox 729 984 861 1032; x_wconf 71' lang='lat' dir='ltr'><strong>facultatem</strong></span> 
     </span>
     <span class='ocr_line' id='line_1_13' title="bbox 74 1054 861 1109; baseline 0.001 -11"><span class='ocrx_word' id='word_1_99' title='bbox 74 1054 217 1100; x_wconf 88' lang='lat' dir='ltr'><strong>discernendi</strong></span> <span class='ocrx_word' id='word_1_100' title='bbox 235 1071 315 1099; x_wconf 82' lang='lat' dir='ltr'><strong>verum</strong></span> <span class='ocrx_word' id='word_1_101' title='bbox 333 1055 434 1099; x_wconf 90' lang='lat' dir='ltr'><strong>divinum</strong></span> <span class='ocrx_word' id='word_1_102' title='bbox 453 1060 528 1099; x_wconf 91' lang='lat' dir='ltr'><strong>ortum</strong></span> <span class='ocrx_word' id='word_1_103' title='bbox 546 1056 576 1099; x_wconf 88' lang='lat' dir='ltr'><strong>ab</strong></span> <span class='ocrx_word' id='word_1_104' title='bbox 590 1055 760 1109; x_wconf 75' lang='lat' dir='ltr'><strong>commentitio,</strong></span> <span class='ocrx_word' id='word_1_105' title='bbox 777 1054 861 1109; x_wconf 86' lang='lat' dir='ltr'><strong>effecit,</strong></span> 
     </span>
     <span class='ocr_line' id='line_1_14' title="bbox 75 1124 862 1186; baseline 0 -17"><span class='ocrx_word' id='word_1_106' title='bbox 75 1131 99 1169; x_wconf 90' lang='lat' dir='ltr'><strong>ut</strong></span> <span class='ocrx_word' id='word_1_107' title='bbox 109 1125 153 1170; x_wconf 90' lang='lat' dir='ltr'><strong>illis</strong></span> <span class='ocrx_word' id='word_1_108' title='bbox 163 1141 209 1170; x_wconf 89' lang='lat' dir='ltr'><strong>non</strong></span> <span class='ocrx_word' id='word_1_109' title='bbox 218 1126 299 1186; x_wconf 86' lang='lat' dir='ltr'><strong>prosit,</strong></span> <span class='ocrx_word' id='word_1_110' title='bbox 318 1125 336 1170; x_wconf 93' lang='lat' dir='ltr'><strong>si</strong></span> <span class='ocrx_word' id='word_1_111' title='bbox 345 1126 387 1170; x_wconf 93' lang='lat' dir='ltr'><strong>fuit</strong></span> <span class='ocrx_word' id='word_1_112' title='bbox 398 1125 494 1182; x_wconf 84' lang='lat' dir='ltr'><strong>divinus,</strong></span> <span class='ocrx_word' id='word_1_113' title='bbox 511 1124 568 1169; x_wconf 90' lang='lat' dir='ltr'><strong>nihil</strong></span> <span class='ocrx_word' id='word_1_114' title='bbox 580 1125 644 1183; x_wconf 82' lang='lat' dir='ltr'><strong>desit,</strong></span> <span class='ocrx_word' id='word_1_115' title='bbox 659 1126 678 1169; x_wconf 89' lang='lat' dir='ltr'><strong>si</strong></span> <span class='ocrx_word' id='word_1_116' title='bbox 688 1140 734 1169; x_wconf 90' lang='lat' dir='ltr'><strong>non</strong></span> <span class='ocrx_word' id='word_1_117' title='bbox 744 1126 792 1170; x_wconf 90' lang='lat' dir='ltr'><strong>fuit.</strong></span> <span class='ocrx_word' id='word_1_118' title='bbox 820 1125 862 1170; x_wconf 77' lang='lat' dir='ltr'><strong>Ur</strong></span> 
     </span>
     <span class='ocr_line' id='line_1_15' title="bbox 73 1195 861 1254; baseline 0.001 -16"><span class='ocrx_word' id='word_1_119' title='bbox 73 1196 164 1250; x_wconf 87' lang='lat' dir='ltr'><strong>intersit,</strong></span> <span class='ocrx_word' id='word_1_120' title='bbox 176 1195 224 1242; x_wconf 91' lang='lat' dir='ltr'><strong>hoc</strong></span> <span class='ocrx_word' id='word_1_121' title='bbox 234 1196 300 1240; x_wconf 90' lang='lat' dir='ltr'><strong>situm</strong></span> <span class='ocrx_word' id='word_1_122' title='bbox 312 1202 399 1242; x_wconf 86' lang='lat' dir='ltr'><strong>estnon</strong></span> <span class='ocrx_word' id='word_1_123' title='bbox 409 1201 497 1240; x_wconf 90' lang='lat' dir='ltr'><strong>tantum</strong></span> <span class='ocrx_word' id='word_1_124' title='bbox 505 1195 528 1239; x_wconf 90' lang='lat' dir='ltr'><strong>in</strong></span> <span class='ocrx_word' id='word_1_125' title='bbox 537 1196 585 1240; x_wconf 89' lang='lat' dir='ltr'><strong>fide</strong></span> <span class='ocrx_word' id='word_1_126' title='bbox 596 1198 630 1252; x_wconf 73' lang='lat' dir='ltr'><strong>eal,</strong></span> <span class='ocrx_word' id='word_1_127' title='bbox 641 1211 700 1254; x_wconf 88' lang='lat' dir='ltr'><strong>quae</strong></span> <span class='ocrx_word' id='word_1_128' title='bbox 710 1197 784 1241; x_wconf 88' lang='lat' dir='ltr'><strong>maior</strong></span> <span class='ocrx_word' id='word_1_129' title='bbox 795 1201 828 1240; x_wconf 90' lang='lat' dir='ltr'><strong>est</strong></span> <span class='ocrx_word' id='word_1_130' title='bbox 838 1197 861 1239; x_wconf 88' lang='lat' dir='ltr'><strong>in</strong></span> 
     </span>
     <span class='ocr_line' id='line_1_16' title="bbox 75 1265 860 1325; baseline 0.001 -14"><span class='ocrx_word' id='word_1_131' title='bbox 75 1281 129 1311; x_wconf 89' lang='lat' dir='ltr'><strong>vere</strong></span> <span class='ocrx_word' id='word_1_132' title='bbox 142 1266 218 1310; x_wconf 87' lang='lat' dir='ltr'><strong>divino</strong></span> <span class='ocrx_word' id='word_1_133' title='bbox 229 1272 294 1325; x_wconf 90' lang='lat' dir='ltr'><strong>ortu,</strong></span> <span class='ocrx_word' id='word_1_134' title='bbox 311 1282 389 1311; x_wconf 91' lang='lat' dir='ltr'><strong>verum</strong></span> <span class='ocrx_word' id='word_1_135' title='bbox 400 1267 469 1310; x_wconf 90' lang='lat' dir='ltr'><strong>etiam</strong></span> <span class='ocrx_word' id='word_1_136' title='bbox 480 1267 503 1309; x_wconf 88' lang='lat' dir='ltr'><strong>in</strong></span> <span class='ocrx_word' id='word_1_137' title='bbox 513 1265 622 1312; x_wconf 87' lang='lat' dir='ltr'><strong>facultate</strong></span> <span class='ocrx_word' id='word_1_138' title='bbox 631 1265 694 1311; x_wconf 90' lang='lat' dir='ltr'><strong>hunc</strong></span> <span class='ocrx_word' id='word_1_139' title='bbox 704 1282 717 1310; x_wconf 92' lang='lat' dir='ltr'><strong>a</strong></span> <span class='ocrx_word' id='word_1_140' title='bbox 727 1282 773 1311; x_wconf 90' lang='lat' dir='ltr'><strong>non</strong></span> <span class='ocrx_word' id='word_1_141' title='bbox 784 1266 860 1312; x_wconf 89' lang='lat' dir='ltr'><strong>divino</strong></span> 
     </span>
     <span class='ocr_line' id='line_1_17' title="bbox 76 1335 860 1397; baseline 0.004 -18"><span class='ocrx_word' id='word_1_142' title='bbox 76 1336 235 1396; x_wconf 87' lang='lat' dir='ltr'><strong>dignoscendi,</strong></span> <span class='ocrx_word' id='word_1_143' title='bbox 247 1336 324 1394; x_wconf 90' lang='lat' dir='ltr'><strong>itaque</strong></span> <span class='ocrx_word' id='word_1_144' title='bbox 336 1338 448 1381; x_wconf 88' lang='lat' dir='ltr'><strong>rationem</strong></span> <span class='ocrx_word' id='word_1_145' title='bbox 460 1336 552 1381; x_wconf 88' lang='lat' dir='ltr'><strong>maioris</strong></span> <span class='ocrx_word' id='word_1_146' title='bbox 562 1336 618 1380; x_wconf 89' lang='lat' dir='ltr'><strong>fidei</strong></span> <span class='ocrx_word' id='word_1_147' title='bbox 627 1335 688 1380; x_wconf 84' lang='lat' dir='ltr'><strong>istius</strong></span> <span class='ocrx_word' id='word_1_148' title='bbox 698 1338 860 1397; x_wconf 88' lang='lat' dir='ltr'><strong>cognoscendi.</strong></span> 
     </span>
     <span class='ocr_line' id='line_1_18' title="bbox 76 1405 860 1467; baseline 0.003 -18"><span class='ocrx_word' id='word_1_149' title='bbox 76 1405 143 1461; x_wconf 72' lang='lat' dir='ltr'><strong>Quae</strong></span> <span class='ocrx_word' id='word_1_150' title='bbox 159 1406 253 1465; x_wconf 90' lang='lat' dir='ltr'><strong>quidem</strong></span> <span class='ocrx_word' id='word_1_151' title='bbox 276 1406 426 1467; x_wconf 78' lang='lat' dir='ltr'><strong>intelligentia</strong></span> <span class='ocrx_word' id='word_1_152' title='bbox 449 1407 477 1451; x_wconf 89' lang='lat' dir='ltr'><strong>ab</strong></span> <span class='ocrx_word' id='word_1_153' title='bbox 500 1406 544 1450; x_wconf 89' lang='lat' dir='ltr'><strong>illis</strong></span> <span class='ocrx_word' id='word_1_154' title='bbox 568 1407 641 1450; x_wconf 88' lang='lat' dir='ltr'><strong>aliena</strong></span> <span class='ocrx_word' id='word_1_155' title='bbox 664 1411 697 1450; x_wconf 90' lang='lat' dir='ltr'><strong>est</strong></span> <span class='ocrx_word' id='word_1_156' title='bbox 719 1422 769 1451; x_wconf 88' lang='lat' dir='ltr'><strong>eam</strong></span> <span class='ocrx_word' id='word_1_157' title='bbox 786 1408 860 1467; x_wconf 84' lang='lat' dir='ltr'><strong>ipsam</strong></span> 
     </span>
     <span class='ocr_line' id='line_1_19' title="bbox 75 1475 860 1537; baseline 0.004 -19"><span class='ocrx_word' id='word_1_158' title='bbox 75 1476 106 1519; x_wconf 91' lang='lat' dir='ltr'><strong>ob</strong></span> <span class='ocrx_word' id='word_1_159' title='bbox 126 1491 225 1532; x_wconf 84' lang='lat' dir='ltr'><strong>causam,</strong></span> <span class='ocrx_word' id='word_1_160' title='bbox 244 1491 289 1534; x_wconf 83' lang='lat' dir='ltr'><strong>qua</strong></span> <span class='ocrx_word' id='word_1_161' title='bbox 306 1477 393 1522; x_wconf 89' lang='lat' dir='ltr'><strong>factum</strong></span> <span class='ocrx_word' id='word_1_162' title='bbox 405 1477 455 1533; x_wconf 90' lang='lat' dir='ltr'><strong>fuit,</strong></span> <span class='ocrx_word' id='word_1_163' title='bbox 477 1482 502 1520; x_wconf 91' lang='lat' dir='ltr'><strong>ut</strong></span> <span class='ocrx_word' id='word_1_164' title='bbox 519 1477 624 1537; x_wconf 82' lang='lat' dir='ltr'><strong>indigere</strong></span> <span class='ocrx_word' id='word_1_165' title='bbox 647 1475 776 1521; x_wconf 84' lang='lat' dir='ltr'><strong>dicerentur</strong></span> <span class='ocrx_word' id='word_1_166' title='bbox 793 1492 860 1521; x_wconf 89' lang='lat' dir='ltr'><strong>reve-</strong></span> 
     </span>
     <span class='ocr_line' id='line_1_20' title="bbox 73 1545 860 1607; baseline 0.003 -18"><span class='ocrx_word' id='word_1_167' title='bbox 73 1546 163 1591; x_wconf 83' lang='lat' dir='ltr'><strong>latione.</strong></span> <span class='ocrx_word' id='word_1_168' title='bbox 182 1546 302 1606; x_wconf 74' lang='lat' dir='ltr'><strong>Empirich</strong></span> <span class='ocrx_word' id='word_1_169' title='bbox 310 1546 380 1607; x_wconf 88' lang='lat' dir='ltr'><strong>igitur</strong></span> <span class='ocrx_word' id='word_1_170' title='bbox 391 1547 479 1590; x_wconf 87' lang='lat' dir='ltr'><strong>ratione</strong></span> <span class='ocrx_word' id='word_1_171' title='bbox 488 1545 546 1590; x_wconf 86' lang='lat' dir='ltr'><strong>illius</strong></span> <span class='ocrx_word' id='word_1_172' title='bbox 558 1547 599 1605; x_wconf 87' lang='lat' dir='ltr'><strong>rei,</strong></span> <span class='ocrx_word' id='word_1_173' title='bbox 613 1552 638 1590; x_wconf 92' lang='lat' dir='ltr'><strong>ut</strong></span> <span class='ocrx_word' id='word_1_174' title='bbox 649 1546 770 1606; x_wconf 88' lang='lat' dir='ltr'><strong>opinentur</strong></span> <span class='ocrx_word' id='word_1_175' title='bbox 782 1547 860 1592; x_wconf 92' lang='lat' dir='ltr'><strong>homi-</strong></span> 
     </span>
     <span class='ocr_line' id='line_1_21' title="bbox 72 1615 860 1672; baseline 0 -12"><span class='ocrx_word' id='word_1_176' title='bbox 72 1632 112 1661; x_wconf 90' lang='lat' dir='ltr'><strong>nes</strong></span> <span class='ocrx_word' id='word_1_177' title='bbox 130 1617 216 1662; x_wconf 88' lang='lat' dir='ltr'><strong>factam</strong></span> <span class='ocrx_word' id='word_1_178' title='bbox 226 1632 275 1661; x_wconf 85' lang='lat' dir='ltr'><strong>esse</strong></span> <span class='ocrx_word' id='word_1_179' title='bbox 292 1617 463 1672; x_wconf 81' lang='lat' dir='ltr'><strong>revelationem,</strong></span> <span class='ocrx_word' id='word_1_180' title='bbox 477 1631 524 1659; x_wconf 92' lang='lat' dir='ltr'><strong>non</strong></span> <span class='ocrx_word' id='word_1_181' title='bbox 541 1615 617 1671; x_wconf 86' lang='lat' dir='ltr'><strong>huius,</strong></span> <span class='ocrx_word' id='word_1_182' title='bbox 631 1621 657 1660; x_wconf 89' lang='lat' dir='ltr'><strong>ut</strong></span> <span class='ocrx_word' id='word_1_183' title='bbox 673 1616 735 1661; x_wconf 90' lang='lat' dir='ltr'><strong>faeta</strong></span> <span class='ocrx_word' id='word_1_184' title='bbox 750 1617 810 1663; x_wconf 87' lang='lat' dir='ltr'><strong>haec</strong></span> <span class='ocrx_word' id='word_1_185' title='bbox 825 1618 860 1671; x_wconf 87' lang='lat' dir='ltr'><strong>sit,</strong></span> 
     </span>
     <span class='ocr_line' id='line_1_22' title="bbox 74 1686 860 1745; baseline 0.001 -14"><span class='ocrx_word' id='word_1_186' title='bbox 74 1686 170 1732; x_wconf 88' lang='lat' dir='ltr'><strong>efficitur</strong></span> <span class='ocrx_word' id='word_1_187' title='bbox 190 1687 318 1733; x_wconf 84' lang='lat' dir='ltr'><strong>necessitas.</strong></span> <span class='ocrx_word' id='word_1_188' title='bbox 363 1687 416 1743; x_wconf 80' lang='lat' dir='ltr'><strong>Qua</strong></span> <span class='ocrx_word' id='word_1_189' title='bbox 442 1687 551 1745; x_wconf 80' lang='lat' dir='ltr'><strong>empirich</strong></span> <span class='ocrx_word' id='word_1_190' title='bbox 574 1687 662 1731; x_wconf 87' lang='lat' dir='ltr'><strong>ratione</strong></span> <span class='ocrx_word' id='word_1_191' title='bbox 683 1688 701 1731; x_wconf 87' lang='lat' dir='ltr'><strong>si</strong></span> <span class='ocrx_word' id='word_1_192' title='bbox 724 1686 784 1735; x_wconf 87' lang='lat' dir='ltr'><strong>haec</strong></span> <span class='ocrx_word' id='word_1_193' title='bbox 799 1688 860 1733; x_wconf 87' lang='lat' dir='ltr'><strong>effici</strong></span> 
     </span>
     <span class='ocr_line' id='line_1_23' title="bbox 73 1756 859 1817; baseline 0.001 -17"><span class='ocrx_word' id='word_1_194' title='bbox 73 1772 119 1801; x_wconf 90' lang='lat' dir='ltr'><strong>non</strong></span> <span class='ocrx_word' id='word_1_195' title='bbox 136 1763 224 1817; x_wconf 87' lang='lat' dir='ltr'><strong>potest,</strong></span> <span class='ocrx_word' id='word_1_196' title='bbox 242 1757 334 1801; x_wconf 90' lang='lat' dir='ltr'><strong>omnino</strong></span> <span class='ocrx_word' id='word_1_197' title='bbox 352 1756 416 1801; x_wconf 76' lang='lat' dir='ltr'><strong>uulllr</strong></span> <span class='ocrx_word' id='word_1_198' title='bbox 437 1763 521 1817; x_wconf 90' lang='lat' dir='ltr'><strong>potest.</strong></span> <span class='ocrx_word' id='word_1_199' title='bbox 542 1784 577 1799; x_wconf 44' lang='grc' dir='ltr'><strong>ψ</strong></span> <span class='ocrx_word' id='word_1_200' title='bbox 601 1757 683 1815; x_wconf 90' lang='lat' dir='ltr'><strong>Neque</strong></span> <span class='ocrx_word' id='word_1_201' title='bbox 703 1773 758 1802; x_wconf 88' lang='lat' dir='ltr'><strong>vero</strong></span> <span class='ocrx_word' id='word_1_202' title='bbox 784 1759 859 1816; x_wconf 90' lang='lat' dir='ltr'><strong>etiam,</strong></span> 
     </span>
     <span class='ocr_line' id='line_1_24' title="bbox 74 1826 859 1887; baseline 0.003 -17"><span class='ocrx_word' id='word_1_203' title='bbox 74 1826 92 1870; x_wconf 91' lang='lat' dir='ltr'><strong>si</strong></span> <span class='ocrx_word' id='word_1_204' title='bbox 108 1827 254 1872; x_wconf 89' lang='lat' dir='ltr'><strong>Hermesium</strong></span> <span class='ocrx_word' id='word_1_205' title='bbox 271 1828 393 1885; x_wconf 87' lang='lat' dir='ltr'><strong>sequimur,</strong></span> <span class='ocrx_word' id='word_1_206' title='bbox 413 1827 529 1871; x_wconf 86' lang='lat' dir='ltr'><strong>divinae</strong></span> <span class='ocrx_word' id='word_1_207' title='bbox 545 1827 697 1887; x_wconf 85' lang='lat' dir='ltr'><strong>potissimum,</strong></span> <span class='ocrx_word' id='word_1_208' title='bbox 715 1827 755 1871; x_wconf 81' lang='lat' dir='ltr'><strong>sed</strong></span> <span class='ocrx_word' id='word_1_209' title='bbox 773 1834 859 1872; x_wconf 90' lang='lat' dir='ltr'><strong>tantum</strong></span> 
     </span>
     <span class='ocr_line' id='line_1_25' title="bbox 73 1895 859 1958; baseline 0.003 -19"><span class='ocrx_word' id='word_1_210' title='bbox 73 1895 161 1941; x_wconf 89' lang='lat' dir='ltr'><strong>alienae</strong></span> <span class='ocrx_word' id='word_1_211' title='bbox 180 1905 201 1941; x_wconf 92' lang='lat' dir='ltr'><strong>et</strong></span> <span class='ocrx_word' id='word_1_212' title='bbox 218 1895 396 1956; x_wconf 84' lang='lat' dir='ltr'><strong>philosophicae</strong></span> <span class='ocrx_word' id='word_1_213' title='bbox 411 1896 505 1955; x_wconf 88' lang='lat' dir='ltr'><strong>quidem</strong></span> <span class='ocrx_word' id='word_1_214' title='bbox 523 1897 664 1941; x_wconf 88' lang='lat' dir='ltr'><strong>institutionis</strong></span> <span class='ocrx_word' id='word_1_215' title='bbox 681 1900 800 1943; x_wconf 84' lang='lat' dir='ltr'><strong>necessitas</strong></span> <span class='ocrx_word' id='word_1_216' title='bbox 817 1914 859 1958; x_wconf 85' lang='lat' dir='ltr'><strong>pn-</strong></span> 
     </span>
     <span class='ocr_line' id='line_1_26' title="bbox 73 1966 858 2027; baseline 0.004 -18"><span class='ocrx_word' id='word_1_217' title='bbox 73 1972 122 2010; x_wconf 90' lang='lat' dir='ltr'><strong>tere</strong></span> <span class='ocrx_word' id='word_1_218' title='bbox 139 1966 183 2010; x_wconf 89' lang='lat' dir='ltr'><strong>illis</strong></span> <span class='ocrx_word' id='word_1_219' title='bbox 201 1972 277 2026; x_wconf 87' lang='lat' dir='ltr'><strong>potest</strong></span> <span class='ocrx_word' id='word_1_220' title='bbox 296 1981 323 2010; x_wconf 86' lang='lat' dir='ltr'><strong>ex</strong></span> <span class='ocrx_word' id='word_1_221' title='bbox 341 1982 395 2011; x_wconf 89' lang='lat' dir='ltr'><strong>suae</strong></span> <span class='ocrx_word' id='word_1_222' title='bbox 411 1967 574 2027; x_wconf 88' lang='lat' dir='ltr'><strong>intelligentiae</strong></span> <span class='ocrx_word' id='word_1_223' title='bbox 589 1967 705 2012; x_wconf 89' lang='lat' dir='ltr'><strong>tenuitate.</strong></span> <span class='ocrx_word' id='word_1_224' title='bbox 740 1968 794 2012; x_wconf 90' lang='lat' dir='ltr'><strong>Non</strong></span> <span class='ocrx_word' id='word_1_225' title='bbox 812 1968 858 2012; x_wconf 85' lang='lat' dir='ltr'><strong>suf-</strong></span> 
     </span>
     <span class='ocr_line' id='line_1_27' title="bbox 72 2034 858 2097; baseline 0.001 -18"><span class='ocrx_word' id='word_1_226' title='bbox 72 2036 142 2081; x_wconf 85' lang='lat' dir='ltr'><strong>ficere</strong></span> <span class='ocrx_word' id='word_1_227' title='bbox 157 2036 201 2081; x_wconf 91' lang='lat' dir='ltr'><strong>illis</strong></span> <span class='ocrx_word' id='word_1_228' title='bbox 219 2034 414 2095; x_wconf 87' lang='lat' dir='ltr'><strong>philosophorum</strong></span> <span class='ocrx_word' id='word_1_229' title='bbox 432 2039 552 2082; x_wconf 87' lang='lat' dir='ltr'><strong>auctoritas</strong></span> <span class='ocrx_word' id='word_1_230' title='bbox 569 2053 616 2081; x_wconf 90' lang='lat' dir='ltr'><strong>non</strong></span> <span class='ocrx_word' id='word_1_231' title='bbox 631 2041 713 2097; x_wconf 89' lang='lat' dir='ltr'><strong>potest.</strong></span> <span class='ocrx_word' id='word_1_232' title='bbox 749 2039 809 2082; x_wconf 87' lang='lat' dir='ltr'><strong>Nam</strong></span> <span class='ocrx_word' id='word_1_233' title='bbox 823 2037 858 2081; x_wconf 80' lang='lat' dir='ltr'><strong>his</strong></span> 
     </span>
     <span class='ocr_line' id='line_1_28' title="bbox 73 2105 858 2166; baseline 0.001 -16"><span class='ocrx_word' id='word_1_234' title='bbox 73 2106 128 2150; x_wconf 78' lang='lat' dir='ltr'><strong>dixit</strong></span> <span class='ocrx_word' id='word_1_235' title='bbox 146 2105 279 2151; x_wconf 88' lang='lat' dir='ltr'><strong>Hermesius</strong></span> <span class='ocrx_word' id='word_1_236' title='bbox 298 2106 377 2150; x_wconf 89' lang='lat' dir='ltr'><strong>datum</strong></span> <span class='ocrx_word' id='word_1_237' title='bbox 394 2105 441 2151; x_wconf 89' lang='lat' dir='ltr'><strong>hoc</strong></span> <span class='ocrx_word' id='word_1_238' title='bbox 459 2122 515 2162; x_wconf 90' lang='lat' dir='ltr'><strong>esse,</strong></span> <span class='ocrx_word' id='word_1_239' title='bbox 530 2113 554 2150; x_wconf 92' lang='lat' dir='ltr'><strong>ut</strong></span> <span class='ocrx_word' id='word_1_240' title='bbox 569 2122 612 2166; x_wconf 92' lang='lat' dir='ltr'><strong>per</strong></span> <span class='ocrx_word' id='word_1_241' title='bbox 625 2106 751 2150; x_wconf 85' lang='lat' dir='ltr'><strong>naturalem</strong></span> <span class='ocrx_word' id='word_1_242' title='bbox 770 2107 858 2151; x_wconf 87' lang='lat' dir='ltr'><strong>ethicae</strong></span> 
     </span>
     <span class='ocr_line' id='line_1_29' title="bbox 72 2176 858 2236; baseline 0 -15"><span class='ocrx_word' id='word_1_243' title='bbox 72 2176 209 2221; x_wconf 84' lang='lat' dir='ltr'><strong>necessitatis</strong></span> <span class='ocrx_word' id='word_1_244' title='bbox 226 2176 411 2236; x_wconf 86' lang='lat' dir='ltr'><strong>perspicientiam</strong></span> <span class='ocrx_word' id='word_1_245' title='bbox 430 2177 578 2236; x_wconf 84' lang='lat' dir='ltr'><strong>cognoverint</strong></span> <span class='ocrx_word' id='word_1_246' title='bbox 592 2176 617 2219; x_wconf 92' lang='lat' dir='ltr'><strong>id</strong></span> <span class='ocrx_word' id='word_1_247' title='bbox 634 2176 717 2235; x_wconf 88' lang='lat' dir='ltr'><strong>ipsum,</strong></span> <span class='ocrx_word' id='word_1_248' title='bbox 736 2177 799 2234; x_wconf 89' lang='lat' dir='ltr'><strong>quod</strong></span> <span class='ocrx_word' id='word_1_249' title='bbox 815 2177 858 2222; x_wconf 82' lang='lat' dir='ltr'><strong>illis</strong></span> 
     </span>
     <span class='ocr_line' id='line_1_30' title="bbox 72 2244 858 2306; baseline 0.001 -17"><span class='ocrx_word' id='word_1_250' title='bbox 72 2252 96 2290; x_wconf 90' lang='lat' dir='ltr'><strong>ut</strong></span> <span class='ocrx_word' id='word_1_251' title='bbox 113 2262 156 2306; x_wconf 89' lang='lat' dir='ltr'><strong>per</strong></span> <span class='ocrx_word' id='word_1_252' title='bbox 175 2247 273 2292; x_wconf 88' lang='lat' dir='ltr'><strong>eandem</strong></span> <span class='ocrx_word' id='word_1_253' title='bbox 291 2251 433 2306; x_wconf 86' lang='lat' dir='ltr'><strong>cognoscant</strong></span> <span class='ocrx_word' id='word_1_254' title='bbox 452 2260 498 2289; x_wconf 91' lang='lat' dir='ltr'><strong>non</strong></span> <span class='ocrx_word' id='word_1_255' title='bbox 520 2245 547 2289; x_wconf 91' lang='lat' dir='ltr'><strong>sit</strong></span> <span class='ocrx_word' id='word_1_256' title='bbox 566 2245 650 2289; x_wconf 91' lang='lat' dir='ltr'><strong>datum.</strong></span> <span class='ocrx_word' id='word_1_257' title='bbox 688 2244 797 2302; x_wconf 84' lang='lat' dir='ltr'><strong>Causam,</strong></span> <span class='ocrx_word' id='word_1_258' title='bbox 818 2262 858 2291; x_wconf 88' lang='lat' dir='ltr'><strong>cur</strong></span> 
     </span>
     <span class='ocr_line' id='line_1_31' title="bbox 72 2315 857 2376; baseline 0.003 -17"><span class='ocrx_word' id='word_1_259' title='bbox 72 2321 110 2360; x_wconf 88' lang='lat' dir='ltr'><strong>aut</strong></span> <span class='ocrx_word' id='word_1_260' title='bbox 134 2319 158 2361; x_wconf 95' lang='lat' dir='ltr'><strong>in</strong></span> <span class='ocrx_word' id='word_1_261' title='bbox 184 2316 379 2363; x_wconf 83' lang='lat' dir='ltr'><strong>comminiscendo</strong></span> <span class='ocrx_word' id='word_1_262' title='bbox 411 2321 450 2360; x_wconf 90' lang='lat' dir='ltr'><strong>aut</strong></span> <span class='ocrx_word' id='word_1_263' title='bbox 471 2315 494 2359; x_wconf 88' lang='lat' dir='ltr'><strong>in</strong></span> <span class='ocrx_word' id='word_1_264' title='bbox 520 2315 683 2376; x_wconf 86' lang='lat' dir='ltr'><strong>cognoscendo</strong></span> <span class='ocrx_word' id='word_1_265' title='bbox 705 2315 781 2361; x_wconf 86' lang='lat' dir='ltr'><strong>divino</strong></span> <span class='ocrx_word' id='word_1_266' title='bbox 806 2323 857 2361; x_wconf 89' lang='lat' dir='ltr'><strong>ortu</strong></span> 
     </span>
     <span class='ocr_line' id='line_1_32' title="bbox 72 2384 856 2447; baseline 0.005 -20"><span class='ocrx_word' id='word_1_267' title='bbox 72 2390 118 2430; x_wconf 90' lang='lat' dir='ltr'><strong>tam</strong></span> <span class='ocrx_word' id='word_1_268' title='bbox 145 2387 277 2446; x_wconf 90' lang='lat' dir='ltr'><strong>frequentes</strong></span> <span class='ocrx_word' id='word_1_269' title='bbox 308 2386 393 2431; x_wconf 89' lang='lat' dir='ltr'><strong>fuerint</strong></span> <span class='ocrx_word' id='word_1_270' title='bbox 420 2385 457 2430; x_wconf 87' lang='lat' dir='ltr'><strong>vel</strong></span> <span class='ocrx_word' id='word_1_271' title='bbox 487 2384 521 2428; x_wconf 92' lang='lat' dir='ltr'><strong>illi</strong></span> <span class='ocrx_word' id='word_1_272' title='bbox 550 2386 617 2429; x_wconf 87' lang='lat' dir='ltr'><strong>alieni</strong></span> <span class='ocrx_word' id='word_1_273' title='bbox 645 2401 659 2429; x_wconf 92' lang='lat' dir='ltr'><strong>a</strong></span> <span class='ocrx_word' id='word_1_274' title='bbox 686 2384 856 2447; x_wconf 90' lang='lat' dir='ltr'><strong>philosophan-</strong></span> 
     </span>
     <span class='ocr_line' id='line_1_33' title="bbox 74 2453 855 2516; baseline 0.006 -19"><span class='ocrx_word' id='word_1_275' title='bbox 74 2453 104 2497; x_wconf 92' lang='lat' dir='ltr'><strong>do</strong></span> <span class='ocrx_word' id='word_1_276' title='bbox 128 2456 167 2501; x_wconf 83' lang='lat' dir='ltr'><strong>vel</strong></span> <span class='ocrx_word' id='word_1_277' title='bbox 187 2456 290 2501; x_wconf 90' lang='lat' dir='ltr'><strong>nonnulli</strong></span> <span class='ocrx_word' id='word_1_278' title='bbox 314 2472 341 2501; x_wconf 83' lang='lat' dir='ltr'><strong>ex</strong></span> <span class='ocrx_word' id='word_1_279' title='bbox 366 2455 458 2501; x_wconf 89' lang='lat' dir='ltr'><strong>eruditis</strong></span> <span class='ocrx_word' id='word_1_280' title='bbox 482 2454 673 2516; x_wconf 88' lang='lat' dir='ltr'><strong>philosophando</strong></span> <span class='ocrx_word' id='word_1_281' title='bbox 702 2456 769 2516; x_wconf 86' lang='lat' dir='ltr'><strong>ipsis,</strong></span> <span class='ocrx_word' id='word_1_282' title='bbox 796 2464 855 2502; x_wconf 85' lang='lat' dir='ltr'><strong>attu-</strong></span> 
     </span>
     <span class='ocr_line' id='line_1_34' title="bbox 72 2522 856 2585; baseline 0.008 -20"><span class='ocrx_word' id='word_1_283' title='bbox 72 2522 99 2566; x_wconf 93' lang='lat' dir='ltr'><strong>lit</strong></span> <span class='ocrx_word' id='word_1_284' title='bbox 111 2526 202 2580; x_wconf 90' lang='lat' dir='ltr'><strong>quidem</strong></span> <span class='ocrx_word' id='word_1_285' title='bbox 220 2526 358 2573; x_wconf 88' lang='lat' dir='ltr'><strong>Hermesius.</strong></span> <span class='ocrx_word' id='word_1_286' title='bbox 387 2526 545 2585; x_wconf 85' lang='lat' dir='ltr'><strong>Suspicionem</strong></span> <span class='ocrx_word' id='word_1_287' title='bbox 560 2527 624 2570; x_wconf 86' lang='lat' dir='ltr'><strong>illam</strong></span> <span class='ocrx_word' id='word_1_288' title='bbox 643 2526 704 2584; x_wconf 81' lang='lat' dir='ltr'><strong>dixit,</strong></span> <span class='ocrx_word' id='word_1_289' title='bbox 723 2542 792 2584; x_wconf 86' lang='lat' dir='ltr'><strong>quam</strong></span> <span class='ocrx_word' id='word_1_290' title='bbox 809 2527 856 2571; x_wconf 79' lang='lat' dir='ltr'><strong>dis-</strong></span> 
     </span>
     <span class='ocr_line' id='line_1_35' title="bbox 72 2592 856 2656; baseline 0.003 -17"><span class='ocrx_word' id='word_1_291' title='bbox 72 2592 130 2639; x_wconf 91' lang='lat' dir='ltr'><strong>sidia</strong></span> <span class='ocrx_word' id='word_1_292' title='bbox 146 2594 247 2639; x_wconf 89' lang='lat' dir='ltr'><strong>intestina</strong></span> <span class='ocrx_word' id='word_1_293' title='bbox 272 2596 362 2655; x_wconf 90' lang='lat' dir='ltr'><strong>aliaque</strong></span> <span class='ocrx_word' id='word_1_294' title='bbox 385 2596 488 2642; x_wconf 88' lang='lat' dir='ltr'><strong>facinora</strong></span> <span class='ocrx_word' id='word_1_295' title='bbox 515 2595 730 2656; x_wconf 89' lang='lat' dir='ltr'><strong>philosophantium</strong></span> <span class='ocrx_word' id='word_1_296' title='bbox 757 2598 781 2641; x_wconf 92' lang='lat' dir='ltr'><strong>in</strong></span> <span class='ocrx_word' id='word_1_297' title='bbox 812 2596 856 2641; x_wconf 87' lang='lat' dir='ltr'><strong>hos</strong></span> 
     </span>
     <span class='ocr_line' id='line_1_36' title="bbox 71 2663 855 2728; baseline 0.003 -20"><span class='ocrx_word' id='word_1_298' title='bbox 71 2663 136 2723; x_wconf 90' lang='lat' dir='ltr'><strong>apud</strong></span> <span class='ocrx_word' id='word_1_299' title='bbox 148 2663 271 2724; x_wconf 87' lang='lat' dir='ltr'><strong>plerosque</strong></span> <span class='ocrx_word' id='word_1_300' title='bbox 283 2668 460 2713; x_wconf 86' lang='lat' dir='ltr'><strong>concitavissent.</strong></span> <span class='ocrx_word' id='word_1_301' title='bbox 489 2665 574 2711; x_wconf 85' lang='lat' dir='ltr'><strong>Verum</strong></span> <span class='ocrx_word' id='word_1_302' title='bbox 583 2667 640 2711; x_wconf 87' lang='lat' dir='ltr'><strong>iusta</strong></span> <span class='ocrx_word' id='word_1_303' title='bbox 659 2666 677 2710; x_wconf 90' lang='lat' dir='ltr'><strong>si</strong></span> <span class='ocrx_word' id='word_1_304' title='bbox 697 2666 739 2710; x_wconf 87' lang='lat' dir='ltr'><strong>illa</strong></span> <span class='ocrx_word' id='word_1_305' title='bbox 757 2668 855 2728; x_wconf 86' lang='lat' dir='ltr'><strong>suspicio</strong></span> 
     </span>
     <span class='ocr_line' id='line_1_37' title="bbox 71 2734 855 2792; baseline 0.003 -14"><span class='ocrx_word' id='word_1_306' title='bbox 71 2734 125 2792; x_wconf 91' lang='lat' dir='ltr'><strong>fuit,</strong></span> <span class='ocrx_word' id='word_1_307' title='bbox 149 2748 196 2779; x_wconf 89' lang='lat' dir='ltr'><strong>uon</strong></span> <span class='ocrx_word' id='word_1_308' title='bbox 215 2747 258 2791; x_wconf 84' lang='lat' dir='ltr'><strong>par</strong></span> <span class='ocrx_word' id='word_1_309' title='bbox 276 2742 321 2780; x_wconf 90' lang='lat' dir='ltr'><strong>erat</strong></span> <span class='ocrx_word' id='word_1_310' title='bbox 338 2742 426 2781; x_wconf 87' lang='lat' dir='ltr'><strong>tantum</strong></span> <span class='ocrx_word' id='word_1_311' title='bbox 443 2736 576 2782; x_wconf 83' lang='lat' dir='ltr'><strong>facinorosis</strong></span> <span class='ocrx_word' id='word_1_312' title='bbox 593 2737 639 2781; x_wconf 86' lang='lat' dir='ltr'><strong>istis</strong></span> <span class='ocrx_word' id='word_1_313' title='bbox 656 2736 803 2782; x_wconf 86' lang='lat' dir='ltr'><strong>tribuendum</strong></span> <span class='ocrx_word' id='word_1_314' title='bbox 820 2737 855 2781; x_wconf 90' lang='lat' dir='ltr'><strong>vi-</strong></span> 
     </span>
     <span class='ocr_line' id='line_1_38' title="bbox 71 2802 854 2867; baseline -0.003 -18"><span class='ocrx_word' id='word_1_315' title='bbox 71 2805 126 2849; x_wconf 92' lang='lat' dir='ltr'><strong>deri.</strong></span> <span class='ocrx_word' id='word_1_316' title='bbox 144 2830 180 2839; x_wconf 93' lang='lat'>-</span> <span class='ocrx_word' id='word_1_317' title='bbox 197 2802 336 2861; x_wconf 83' lang='lat' dir='ltr'><strong>Philosophi</strong></span> <span class='ocrx_word' id='word_1_318' title='bbox 353 2812 429 2852; x_wconf 90' lang='lat' dir='ltr'><strong>autem</strong></span> <span class='ocrx_word' id='word_1_319' title='bbox 446 2807 490 2867; x_wconf 86' lang='lat' dir='ltr'><strong>ipsi</strong></span> <span class='ocrx_word' id='word_1_320' title='bbox 506 2822 550 2866; x_wconf 88' lang='lat' dir='ltr'><strong>per</strong></span> <span class='ocrx_word' id='word_1_321' title='bbox 567 2808 640 2863; x_wconf 86' lang='lat' dir='ltr'><strong>istam,</strong></span> <span class='ocrx_word' id='word_1_322' title='bbox 658 2806 755 2865; x_wconf 86' lang='lat' dir='ltr'><strong>quaein</strong></span> <span class='ocrx_word' id='word_1_323' title='bbox 772 2806 854 2866; x_wconf 90' lang='lat' dir='ltr'><strong>populi</strong></span> 
     </span>
     <span class='ocr_line' id='line_1_39' title="bbox 71 2873 854 2931; baseline 0.001 -13"><span class='ocrx_word' id='word_1_324' title='bbox 71 2875 182 2920; x_wconf 89' lang='lat' dir='ltr'><strong>mentibus</strong></span> <span class='ocrx_word' id='word_1_325' title='bbox 197 2873 309 2928; x_wconf 86' lang='lat' dir='ltr'><strong>inhaeret,</strong></span> <span class='ocrx_word' id='word_1_326' title='bbox 328 2876 425 2922; x_wconf 88' lang='lat' dir='ltr'><strong>ethicam</strong></span> <span class='ocrx_word' id='word_1_327' title='bbox 434 2877 577 2922; x_wconf 89' lang='lat' dir='ltr'><strong>revelationis</strong></span> <span class='ocrx_word' id='word_1_328' title='bbox 588 2877 744 2923; x_wconf 88' lang='lat' dir='ltr'><strong>necessitatem</strong></span> <span class='ocrx_word' id='word_1_329' title='bbox 756 2877 854 2931; x_wconf 88' lang='lat' dir='ltr'><strong>minime,</strong></span> 
     </span>
     <span class='ocr_line' id='line_1_40' title="bbox 72 2942 854 3006; baseline 0.001 -18"><span class='ocrx_word' id='word_1_330' title='bbox 72 2945 134 3002; x_wconf 90' lang='lat' dir='ltr'><strong>quod</strong></span> <span class='ocrx_word' id='word_1_331' title='bbox 152 2945 273 2991; x_wconf 86' lang='lat' dir='ltr'><strong>Hermesio</strong></span> <span class='ocrx_word' id='word_1_332' title='bbox 291 2942 363 2990; x_wconf 70' lang='lat' dir='ltr'><strong>virum</strong></span> <span class='ocrx_word' id='word_1_333' title='bbox 379 2947 428 3006; x_wconf 85' lang='lat' dir='ltr'><strong>fuit,</strong></span> <span class='ocrx_word' id='word_1_334' title='bbox 444 2947 474 2992; x_wconf 89' lang='lat' dir='ltr'><strong>ad</strong></span> <span class='ocrx_word' id='word_1_335' title='bbox 487 2953 559 2993; x_wconf 91' lang='lat' dir='ltr'><strong>ratam</strong></span> <span class='ocrx_word' id='word_1_336' title='bbox 569 2947 631 2995; x_wconf 89' lang='lat' dir='ltr'><strong>hano</strong></span> <span class='ocrx_word' id='word_1_337' title='bbox 643 2946 775 2991; x_wconf 85' lang='lat' dir='ltr'><strong>habendam</strong></span> <span class='ocrx_word' id='word_1_338' title='bbox 790 2960 854 2992; x_wconf 92' lang='lat' dir='ltr'><strong>com-</strong></span> 
     </span>
    </p>
   </div>
   <div class='ocr_carea' id='block_1_3' title="bbox 0 0 904 3152">
    <p class='ocr_par' dir='ltr' id='par_1_3' title="bbox 0 0 904 3152">
     <span class='ocr_line' id='line_1_41' title="bbox 0 0 904 3152; baseline 0 2"><span class='ocrx_word' id='word_1_339' title='bbox 0 0 904 3152; x_wconf 95' lang='lat' dir='ltr'><strong> </strong></span> 
     </span>
    </p>
   </div>
  </div>
 </body>
</html>
