1732 3169
123 202 157 244 De
171 204 341 247 theoretice
356 208 483 248 necessitate
496 206 603 258 credendi,
618 218 678 247 ease
691 203 761 247 deant.
806 196 839 263 51

54 343 125 389 quam
147 326 260 391 habehat,
283 330 365 378 indidit
385 331 487 395 logicam
507 331 662 380 necessitatem
676 330 758 390 urenti,
780 345 840 391 quae

53 400 123 446 deum
142 417 189 448 esse
207 403 320 460 statuerit,
338 402 486 465 suffragandi.
515 406 552 451 Ac
568 405 669 465 primum
686 403 782 464 quidem
799 402 838 447 illa

51 471 107 532 lege
126 473 210 520 causali
226 474 275 521 hoc
292 490 362 521 uuum
381 476 491 533 efficitur,
512 481 538 520 ut
561 476 646 536 aliquid
671 491 720 521 esse
741 490 836 522 censan-

53 541 108 588 dum
130 544 168 605 sit,
194 545 258 604 quod
283 545 322 590 sui
346 546 440 591 essentia
463 560 491 592 ac
513 547 536 590 vi
558 546 647 593 efficaci
668 546 838 607 complectatur

50 614 177 660 universam
192 615 361 661 multitudinem
378 616 425 661 eius
443 616 552 662 essentiae
567 624 589 661 et
607 617 757 677 efficacitatis,
776 632 837 677 quae

52 683 76 728 in
93 684 229 731 haeresum
247 685 327 730 naturai
343 687 423 746 prodit
441 686 572 748 singulatim
590 694 613 733 et
630 687 733 736 distincta
750 688 836 733 modu-

50 769 102 799 rum
122 757 237 802 varietate.
275 756 367 800 Cadunt
384 757 407 800 in
430 757 504 812 istud,
526 757 544 801 si
563 755 694 803 huiusmodi
717 759 772 817 quid
795 763 835 813 est,

51 823 99 869 duo
114 825 170 883 illa,
188 840 249 883 quae
266 825 307 869 sita
325 826 415 871 suntin
432 826 487 887 lege
502 827 596 887 causali,
615 834 640 872 ut
655 829 727 889 possit
744 835 767 873 et
784 828 836 872 uni-

50 909 181 951 versorum,
197 910 256 953 quae
272 895 327 952 sint,
351 902 374 940 et
389 912 428 941 sua
446 912 513 942 causa
529 897 616 943 haberi.
651 899 758 957 Namque
775 897 836 942 istud

50 964 177 1010 universam
196 964 312 1010 essentiam
331 967 359 1012 ac
376 966 434 1024 rim,
456 974 478 1012 et
496 982 546 1011 earn
562 967 654 1026 quidem
672 968 695 1011 in
712 968 835 1027 semetipso

52 1034 219 1093 complectitur.
244 1060 279 1069 -
301 1034 387 1080 Verum
415 1037 465 1095 ipsa
483 1051 573 1082 ¹rerum
602 1037 732 1082 universitas
758 1043 836 1097 potest

48 1101 181 1147 huiusmodi
199 1103 254 1161 quid
272 1119 320 1148 esse
337 1105 394 1159 dici,
416 1105 463 1149 sire
480 1105 567 1149 finitam
585 1106 632 1150 sive
654 1106 764 1163 infinitam
783 1121 835 1150 eam

48 1170 129 1218 habes,
164 1173 224 1217 Nam
247 1188 311 1218 secus
334 1174 352 1219 si
370 1173 406 1218 aui
425 1189 473 1218 esse
490 1174 619 1231 videretur,
642 1176 660 1218 is
676 1174 741 1231 quod
756 1175 835 1219 absur-

49 1241 105 1287 dum
123 1248 156 1288 est
173 1243 346 1303 pronunciaret,
370 1249 408 1288 aut
426 1242 537 1289 accedere
555 1242 641 1302 aliquid
661 1243 691 1287 ad
709 1243 748 1300 id,
771 1243 835 1302 quod

49 1328 118 1359 causa
136 1321 183 1371 est,
202 1320 240 1360 aut
258 1314 288 1359 ab
307 1314 391 1359 eodem
408 1314 492 1360 auferri
507 1313 602 1373 aliquid,
620 1313 661 1360 ubi
678 1312 703 1358 id
721 1313 785 1374 quod
801 1313 837 1359 ef-

47 1385 128 1431 fecerit
143 1400 211 1432 causa
229 1400 282 1433 curn
299 1384 346 1433 hac
363 1391 402 1431 aut
414 1384 649 1447 comprehenderetur
663 1390 701 1431 aut
712 1400 758 1431 non
771 1400 836 1432 com-

46 1455 230 1518 prehenderetur
249 1472 293 1517 per
317 1457 381 1502 unius
404 1457 552 1516 eiusdemque
571 1456 604 1502 rei
624 1457 742 1502 rationem.
778 1456 835 1503 Hoc

46 1527 70 1572 in
92 1527 193 1589 singulas
216 1543 293 1574 causas
313 1533 336 1572 et
362 1528 385 1572 in
412 1527 580 1573 universitatem
603 1542 721 1573 causarum
748 1527 835 1587 pariter

47 1597 133 1643 dictum
152 1613 207 1652 esse,
220 1598 244 1641 id
263 1597 356 1656 quidem
370 1603 440 1658 patet.
463 1598 499 1643 Ac
514 1598 543 1642 de
560 1597 689 1642 notionibus
712 1612 759 1642 uun
778 1597 833 1657 dici,

46 1682 114 1713 nemo
133 1682 179 1711 non
194 1667 262 1713 videt.
298 1667 366 1723 Quae
383 1672 459 1711 autem
477 1667 507 1711 ab
525 1667 647 1712 Hermesio
665 1667 735 1711 allata
751 1662 833 1712 estra-

45 1738 78 1782 tio
91 1737 245 1798 distinguendi
257 1736 326 1782 deum
342 1754 355 1781 a
372 1736 467 1792 mundo,
482 1752 527 1781 non
545 1736 761 1797 comprehendendi
776 1751 832 1783 cau-

46 1822 122 1852 sarum
140 1807 306 1853 universitatem
324 1822 468 1853 cumrerum
491 1807 646 1863 universitate,
671 1822 722 1851 eam
740 1821 834 1867 prorsus

44 1892 127 1923 vanam
144 1876 238 1923 habeto.
276 1876 388 1937 Opinatus
403 1877 442 1922 ille
458 1883 502 1932 est,
521 1875 689 1937 comprehensio
706 1892 784 1922 secum
797 1878 834 1921 in-

44 1948 120 1995 vicem
141 1947 237 2008 utrique
259 1945 547 2004 hacvuniversitnenici,
576 1947 640 2007 quod
665 1948 776 1995 absonum
798 1946 832 2002 sit,

45 2025 137 2065 cunetas
154 2034 191 2064 res
208 2018 276 2064 simul
293 2033 349 2083 esse.
384 2018 438 2064 Sive
447 2034 503 2063 vero
515 2018 651 2079 particulam
661 2018 774 2077 quandam
785 2017 832 2062 sire

41 2088 210 2133 universitatem
221 2103 339 2134 causarum
354 2083 440 2148 inipso
454 2090 561 2134 universo
572 2104 649 2133 rerum
659 2102 756 2147 corpore
765 2087 831 2130 sitam

44 2157 112 2216 dicis,
132 2156 181 2204 hoe
198 2173 274 2203 rernm
292 2173 376 2219 corpus
390 2158 447 2202 dicis
464 2173 511 2202 non
528 2157 573 2202 unat
589 2172 640 2203 curn
657 2156 697 2204 illa
710 2155 830 2214 prodiisse,

44 2221 86 2270 sed
104 2233 240 2286 propterea,
260 2227 324 2285 quod
341 2228 382 2272 illa
399 2227 433 2283 sit,
449 2227 550 2287 potuisse
565 2225 659 2285 prodire
676 2237 703 2268 ac
721 2224 830 2282 deinceps

42 2296 170 2339 necessario
181 2296 325 2354 proditurum
336 2312 433 2343 esse‚-
442 2297 480 2347 Ad
498 2294 665 2354 pantheismum
683 2293 754 2351 igitur
763 2307 830 2351 ,pro-

42 2362 180 2424 pulsandum
204 2379 250 2407 uon
275 2364 344 2408 valuit
367 2365 410 2408 ista
433 2362 612 2423 argumentatio,
638 2376 684 2419 qua
705 2361 745 2405 ille
770 2360 831 2406 effe—

42 2433 98 2479 cisse
113 2431 155 2476 sibi
173 2431 305 2486 videbatur,
322 2438 353 2476 ‘ut
373 2432 432 2477 intra
449 2432 558 2476 infinitam
580 2430 696 2474 finitamve
713 2429 848 2476 finitarum⁴

43 2518 161 2550 causarum
178 2501 258 2546 seriem
276 2515 344 2547 causa
363 2518 403 2560 ea,
426 2517 485 2562 quae
502 2500 617 2547 suffecerit
635 2499 668 2544 rei
687 2499 830 2557 efficiendae,

42 2573 84 2620 sita
95 2588 146 2619 esse
160 2571 256 2618 iudIcari
272 2586 318 2616 non
334 2578 419 2632 posset,
456 2573 526 2631 Atqui
543 2569 698 2632 pantheiemus
716 2571 785 2617 facile
797 2570 829 2616 sic

45 2644 214 2703 corrumpitur,
230 2647 255 2688 ut
272 2642 458 2703 a‘polytheismo
473 2649 496 2687 et
514 2644 542 2688 ab
560 2641 610 2701 ipso
630 2641 699 2687 etiam
717 2641 827 2687 atheismo

42 2729 118 2778 prope
141 2714 197 2759 absit
214 2719 253 2758 ant
271 2712 329 2758 nihil
350 2712 448 2759 differat.
484 2713 521 2759 Ac
542 2711 653 2759 theismus
674 2714 696 2758 in
717 2712 764 2756 hoc
780 2724 837 2754 uno

44 2785 155 2842 e'ernitur,
173 2790 198 2830 ut
216 2783 272 2828 (leus
291 2784 318 2828 sit
337 2798 405 2830 causa
422 2783 508 2828 infinita
523 2784 582 2830 ultra
604 2784 691 2829 linitam
713 2780 827 2826 finitarum

44 2870 163 2904 causarum
177 2854 267 2899 seriem
291 2853 356 2901 elata.
390 2852 468 2899 Unum
492 2852 541 2901 hoc
565 2870 593 2901 ex
614 2853 655 2898 illd
668 2852 722 2911 lege
741 2846 837 2895 causali

44 2927 108 2986 effici
132 2941 212 2988 posse,
246 2939 293 2970 non
317 2924 415 2972 ostendit
435 2925 573 2975 Hermesius.
613 2923 665 2969 Non
699 2921 770 2982 igitur
797 2920 827 2966 ad

45 2998 130 3052 exitum
147 3013 197 3044 rem
209 2994 322 3058 perduxit.

648 3061 685 3109 4ss
