1732 3169
96 181 131 222 Dte
140 181 247 224 nothart
260 182 296 225 det
309 182 477 227 theoreticis
490 198 518 226 er
532 183 601 226 cerasis
613 181 740 225 neeessartdz
777 173 813 223 59

27 310 104 352 mente
122 305 267 355 informatam
283 309 420 359 habuerunt.
447 311 484 357 Ex
500 309 556 369 hoc,
574 310 638 372 quod
657 308 696 356 dei
710 306 812 371 diguita-

27 384 75 423 tem
89 393 135 424 non
150 387 280 440 assequatur
295 382 375 428 mundi
392 388 480 439 natura,
500 382 558 428 illud
576 399 646 429 unum
665 381 771 438 efficitur,
787 379 812 425 in

27 464 74 509 quo
92 450 252 511 prudentiores
273 453 416 514 pantheistae
436 461 598 500 consenserunt
621 460 643 500 et
663 453 728 513 quod
746 450 811 512 apud

26 520 130 580 antiquos
147 523 177 583 τῇ
195 516 282 584 ἀνάγκῃ
299 524 477 585 significabatur.
505 524 567 569 iilud
586 525 647 581 dico,
664 523 729 584 quod
739 517 767 569 τὰ
778 524 810 579 ἓν,

26 606 85 649 quae
100 592 128 636 sit
144 599 224 637 natura
238 592 306 638 huius
324 594 428 639 omnihus
452 594 560 639 essentiae
581 596 680 640 numeris
703 593 810 649 absoluti,

24 661 48 705 in
61 662 174 707 infinitum
191 669 290 721 nequeat
307 663 422 724 integrum
439 663 541 724 prodire.
575 664 612 710 De
633 664 704 710 modo
725 669 810 719 autem,

25 742 75 790 'quo
94 733 236 778 contineatur
259 732 316 778 deus
339 748 392 779 cum
415 733 513 792 mundo,
541 748 569 778 ex
589 749 631 792 eo,
658 734 723 794 quod
740 734 810 779 huius

27 801 223 864 dignitasimpar
242 803 270 846 sit
296 803 354 848 illius
378 803 494 864 dignitati,
528 804 649 850 existimari
676 805 740 850 nefas
769 809 809 849 est.

25 872 109 931 Aeque
126 873 199 933 longe
220 872 285 917 abest
302 890 316 919 a
333 889 357 919 se
375 873 472 919 invicem
490 873 589 936 dignitas
606 876 735 934 utriusque,
762 873 810 918 sive

27 941 96 987 deum
110 942 170 987 intra
185 942 295 987 mundum
310 944 357 989 sive
380 950 443 990 extra
463 945 561 990 eundem
578 945 705 1001 subsistere,
721 959 749 990 ac
763 943 810 988 sive

27 1013 96 1057 etiam
119 1006 162 1074 τὴν
182 1006 316 1060 dedecoroso
336 1014 383 1059 sive
406 1014 479 1059 solam
504 1009 546 1077 τὴν
573 1009 675 1074 δύναμιν
698 1014 737 1059 dei
756 1028 810 1060 curn

25 1082 112 1127 mundo
131 1083 241 1129 contineri
257 1084 378 1130 arbitraris.
406 1085 466 1129 Nam
475 1085 497 1129 in
507 1084 553 1129 deo
562 1083 623 1131 haec
633 1100 680 1129 non
689 1084 808 1130 differunt,

25 1152 116 1198 Deinde
133 1169 177 1200 nec
194 1153 337 1214 pantheistae
354 1148 382 1200 τὸ
401 1155 426 1200 ἓν
446 1160 469 1200 et
491 1149 519 1200 ed
533 1156 581 1200 odo
593 1154 625 1200 sic
639 1154 737 1199 invicem
752 1168 810 1200 con-

23 1222 140 1284 fuderunt,
157 1229 244 1268 utnon
262 1229 320 1269 esset
335 1224 378 1268 nisi
390 1223 469 1284 logica
486 1223 640 1285 distinguendi
656 1224 721 1268 ratio.
755 1222 811 1267 Dis-

27 1299 148 1339 creverunt
164 1308 258 1339 causam
280 1293 345 1338 illam
370 1308 439 1338 unam
455 1293 485 1337 ab
504 1292 562 1352 hae,
584 1294 608 1338 in
626 1308 672 1353 qua
691 1291 812 1338 efficienda

26 1363 206 1425 effingendhque
225 1363 308 1410 eadem
325 1363 367 1408 itta
391 1363 499 1410 continuo
516 1362 632 1424 prodiret,
658 1378 734 1409 rerum
758 1362 811 1407 uni-

26 1435 136 1480 versitate.
173 1434 253 1490 Quare
275 1449 304 1479 ne
322 1440 355 1479 est
369 1434 464 1492 quidem
487 1449 529 1481 cur
547 1433 606 1479 illud
624 1447 810 1489 commemorem,

16 1504 89 1562 'quod
108 1504 164 1549 deus
183 1504 325 1549 consueverit
348 1503 394 1550 dici
416 1519 484 1550 causa
506 1503 539 1548 sni
561 1504 630 1548 etiam
645 1502 709 1565 apud
726 1502 810 1548 adver-

26 1579 100 1619 santes
126 1573 279 1634 pantheismo.
321 1573 389 1629 Quae
414 1573 522 1633 quoniam
541 1573 573 1617 ita
596 1578 659 1631 sunt,
683 1572 810 1634 theologus

24 1649 100 1689 noster
120 1643 291 1705 pantheismum
307 1642 364 1689 ferri
380 1658 449 1704 posse
464 1642 602 1689 existimavit.

375 1754 400 1821 §.
419 1757 460 1806 14,

24 1852 66 1897 De
88 1848 204 1898 ethinci
224 1849 406 1897 necessitate
423 1849 583 1908 credendi,
605 1864 670 1896 esse
686 1845 808 1909 deuml).

76 1943 197 1989 Hermesio
214 1943 293 1990 iudice
306 1942 408 1989 humana
422 1959 486 1990 mens
504 1959 548 2005 per
564 1942 653 1988 insitam
669 1943 712 1988 sibi
729 1957 805 1988 neces-

26 2014 116 2059 sitatem
131 2019 154 2058 et
168 2012 243 2058 studio
255 2013 357 2073 quodam
375 2013 406 2059 ad
425 2014 495 2059 deum
512 2014 593 2074 fertur,
603 2019 626 2058 et
643 2012 719 2072 aliquo
736 2011 808 2057 modo

25 2084 89 2131 hunc
107 2083 238 2142 assequitur,
253 2084 293 2129 ubi
307 2084 401 2143 quidem
416 2084 439 2128 in
454 2084 555 2145 physicis
572 2087 680 2139 versatur,
695 2097 741 2127 non
753 2081 809 2124 item

25 2154 65 2198 ubi
81 2154 105 2198 in
124 2153 203 2200 ethicis
221 2169 245 2199 se
266 2155 371 2201 continet.
408 2154 463 2211 Quo
479 2154 598 2215 cognitum
615 2152 704 2196 homini
721 2151 760 2206 sit,
784 2156 807 2194 et

26 2223 112 2267 debere
130 2230 153 2268 et
167 2238 236 2284 posse
257 2239 282 2269 se
302 2225 382 2286 legem
400 2225 501 2271 ethicam
523 2228 595 2268 ratam
612 2222 649 2266 vel
666 2221 753 2265 hahere
769 2219 808 2263 vel

25 2293 110 2348 facere,
128 2307 218 2352 aequo
235 2294 308 2354 possit
324 2295 407 2341 facere·
418 2310 469 2340 eam
486 2299 569 2349 ratam,
587 2291 647 2337 haec
665 2289 711 2335 duo
729 2304 808 2334 neces·
860 2351 862 2355 Α

25 2363 108 2407 sarium
126 2361 190 2406 duxit
208 2377 256 2409 esse
273 2370 408 2425 perspecta:
426 2361 481 2419 ⁴esse
502 2369 551 2408 tom
571 2362 671 2419 aliquam
688 2359 809 2404 hominurn

25 2443 147 2492 rerumque
163 2431 344 2489 universitatem,
369 2433 393 2478 in
410 2448 456 2492 qua
472 2433 513 2476 fiat
529 2437 578 2476 rata
594 2431 632 2475 lex
651 2428 739 2485 ethica,
759 2436 810 2474 tum

26 2518 77 2548 eam
93 2500 192 2547 hominis
214 2506 329 2557 naturam,
353 2517 397 2562 per
414 2517 484 2561 qnam
499 2516 572 2561 aeque
588 2499 660 2561 possit
677 2515 705 2546 ac
723 2499 809 2544 debeat

27 2573 87 2618 actio
108 2572 169 2616 vitae
188 2569 219 2614 ad
243 2570 354 2615 ethicam
366 2572 445 2631 legem
460 2571 534 2616 libero
553 2571 662 2614 arbitratu
679 2569 808 2629 composita

26 2657 80 2689 esse.
116 2639 151 2685 Ut
168 2639 225 2685 deus
243 2640 270 2685 sit
288 2646 311 2684 et
328 2639 435 2685 credatur
452 2655 512 2700 esse,
535 2638 584 2685 hoc
601 2653 648 2684 non
661 2641 749 2701 putavit
765 2636 808 2681 nisi

25 2711 56 2755 ad
74 2709 206 2771 augendam
223 2709 270 2754 vim
292 2709 384 2754 illorum
407 2709 498 2764 valere,
523 2709 605 2767 quibus
623 2709 711 2755 dixerat
730 2704 807 2750 homi=

26 2796 86 2837 neni,
104 2780 187 2825 sinon
204 2777 337 2824 credidisset
354 2778 495 2836 essedemn,
513 2778 564 2824 satis
583 2775 730 2826 commoveri.
752 2775 806 2819 Ne-

26 2849 120 2911 gavit,
146 2847 233 2893 denm
258 2862 323 2894 esse
338 2853 399 2903 rem
417 2846 530 2895 ethicis
549 2847 690 2897 excausis
708 2858 808 2890 veram

27 2943 170 2950 -—..—-

71 2984 94 3037 1)
105 2985 135 3025 cf.
145 2987 162 3027 Ι.
171 2991 224 3039 part.
236 2985 256 3028 2.
267 2990 346 3038 quaest.
353 3006 380 3013 -
391 2984 486 3027 Home.
496 2988 513 3029 i.
523 3001 541 3029 c,
553 2998 600 3039 pag.
611 2980 653 3026 408
664 3004 692 3011 -
704 2976 755 3021 444.
