1732 3169
50 201 83 247 ‘dit
154 201 297 255 Philosophiae
310 198 416 239 Hariizesn'
428 197 510 238 l’orsI.
525 198 624 250 eruestio
634 198 665 240 ll.
678 195 696 251 ἕ.
706 196 728 237 S.

50 330 104 391 guia
119 324 184 387 spatii
199 323 258 368 vitae
274 321 392 368 intervalla
406 325 428 367 et
442 321 465 366 in
480 320 559 381 quavis
575 337 652 367 rerum
665 320 764 367 hominis
780 334 836 367 con-

50 399 134 441 ditione
157 393 253 439 animive
272 394 323 438 -eius
344 392 466 437 affectione
488 392 558 436 facile
575 391 772 452 superare'pussit
789 390 835 435 vim

49 473 71 511 et
87 464 214 526 potentiam
231 463 323 508 alterius
341 479 369 509 ac
386 462 469 522 peioris
484 463 555 523 partis
568 461 684 507 humanae
701 467 801 506 naturae.

98 534 274 579 Hermesins
292 539 369 580 autem
378 534 445 578 aliam
459 532 574 592 quandam
586 532 740 577 modorum
754 546 837 591 prae·

48 604 181 665 cipiendi
203 604 382 649 varietatem
403 603 536 664 proposuit,
563 618 622 663 quae
645 602 676 647 ad
698 602 837 664 singularem

47 683 140 720 naturae
158 673 323 719 conditionisve
339 673 460 719 huminum
478 673 632 718 differentiam
646 672 836 720 accommodare-

47 752 91 791 tur.
126 743 222 788 Praeter
239 759 279 800 ea,
297 759 357 802 quae
374 744 511 803 prudentiae
529 748 552 788 et
570 742 691 788 sanctitatis
709 742 764 797 sint,
790 740 836 784 duo

47 813 217 873 praeceptionis
233 828 321 873 genera
338 813 444 857 distinxit.
479 813 507 858 In
523 812 630 856 inferiore
646 826 733 873 genere
750 810 837 870 practi-

49 897 100 928 cam
117 886 218 927 rnentem
236 881 266 926 ad
284 897 354 927 unum
371 882 420 927 hoc
438 881 577 927 contendere
595 882 693 936 censuit,
711 887 736 926 ut
753 880 836 924 volun-

47 959 118 997 tatem
134 956 227 996 moveat
243 966 287 1012 per·
304 953 428 1012 probatam
446 952 490 995 sibi
511 952 613 1011 ipsarum
634 967 712 996 rerum
733 957 836 995 naturam

47 1022 124 1083 potius
141 1037 211 1081 quarn
227 1036 271 1082 per
287 1022 334 1067 vim
352 1020 484 1078 earundem,
502 1022 649 1081 conspicuam
666 1022 691 1065 in
704 1019 838 1082 effingenda

48 1092 147 1140 hominis
164 1092 282 1156 dignitate.
319 1092 359 1141 Sic
376 1109 390 1138 a
400 1097 477 1139 mente
486 1093 631 1154 propositum
643 1092 771 1154 appellavit
781 1107 837 1139 con-

49 1165 124 1210 silium
140 1163 231 1210 homini
248 1164 340 1221 daturn3
357 1166 465 1210 virtutem
479 1166 538 1222 eius,
556 1165 596 1224 qui
613 1164 712 1210 voluerit
729 1179 772 1225 per
788 1162 837 1209 hoc

50 1236 180 1282 consultum
197 1236 241 1282 sibi
258 1252 314 1296 esse7
333 1235 473 1297 sapientiam.
500 1235 526 1281 In
539 1235 655 1297 superiore
668 1251 754 1297 genere
767 1249 838 1296 prac-

50 1307 121 1353 ticam
137 1312 238 1353 mentem
255 1307 322 1352 etianr
342 1322 370 1352 eo
382 1306 521 1353 contendere
537 1306 629 1366 censuit,
654 1312 679 1352 ut
697 1306 837 1352 voluntatem

50 1381 143 1423 moveat
159 1392 203 1438 per
219 1377 342 1437 probatam
357 1376 399 1421 sibi
413 1376 459 1421 vim
473 1383 494 1421 et
506 1376 666 1422 efficacitatern
678 1392 761 1434 rerum,
780 1391 838 1424 con-

50 1448 154 1506 spicuam
175 1447 199 1490 in
215 1446 323 1508 augendis
344 1446 496 1492 minuendave
517 1445 616 1491 hominis
639 1446 756 1507 dignitate.
798 1445 838 1491 Sic

50 1532 64 1560 a
81 1521 158 1561 mente
175 1516 322 1577 propositum
339 1516 466 1576 appellarit
482 1516 560 1577 legem
574 1531 627 1562 curn
642 1516 740 1576 imperio
756 1517 838 1572 latam3

50 1586 156 1631 virtutem
174 1586 227 1643 eius,
246 1587 285 1645 qui
301 1584 355 1632 huic
372 1601 396 1630 se
411 1586 537 1644 subiacent,
556 1585 656 1631 ethicam
669 1587 837 1645 praestantiam.

101 1656 129 1701 In
144 1656 235 1716 antiquat
249 1655 365 1717 graduum
379 1656 465 1700 virtutis
481 1656 623 1702 distinctione
641 1657 774 1716 provectior
791 1656 838 1700 vira

49 1729 85 1770 tus
102 1726 287 1786 praecipiebatur
304 1732 326 1770 et
344 1725 560 1782 commendabatur,
578 1725 689 1771 humilior
707 1727 775 1771 etiam
792 1726 837 1771 iur-

49 1796 186 1852 perabatur;
202 1794 264 1839 haec
276 1795 367 1856 lougius
385 1795 479 1853 quidem
498 1810 567 1854 quam
581 1796 628 1852 illa,
647 1802 670 1839 at
686 1809 732 1839 non
745 1789 837 1840 omnino

50 1877 65 1905 a
82 1863 194 1923 dignitate
210 1863 326 1907 hnmanae
342 1870 435 1908 naturae
452 1864 531 1909 abesse
549 1865 700 1913 indicabatur,
736 1865 838 1909 Herme-

49 1931 126 1976 sianae
147 1946 201 1977 vero
226 1931 373 1976 distinctionis
390 1932 563 1978 fundamentum
579 1934 667 1982 irritum
685 1939 726 1981 est.
766 1933 838 1979 Nulla

47 2016 84 2045 res
103 2016 117 2045 a
135 2000 216 2046 snivi
234 2008 257 2045 et
273 2006 386 2060 potestate
403 2002 507 2062 separari
529 2008 611 2063 potest.
647 2004 683 2048 Ac
701 2004 719 2047 si
737 2017 836 2062 quares

47 2069 111 2115 nullo
129 2069 202 2115 modo
221 2070 252 2114 ad
269 2071 339 2115 finem
355 2070 444 2116 homini
460 2073 604 2131 propositum
617 2072 678 2117 valet
690 2073 768 2131 itaque
783 2088 837 2118 cunr

48 2140 159 2201 dignitate
173 2138 273 2185 hominis
288 2140 422 2197 continetur,
438 2156 465 2185 ea
478 2156 524 2185 non
539 2148 573 2186 est
587 2142 611 2185 iu
620 2139 707 2188 ethicis.
742 2142 837 2188 Praeter

48 2210 144 2256 modurn
163 2226 223 2268 eum,
242 2226 289 2272 quo
304 2209 404 2257 hominis
419 2212 456 2256 rel
471 2211 570 2274 dignitas
584 2212 621 2257 vel
636 2210 781 2258 imbecillitas
796 2219 835 2259 aut

49 2288 145 2344 augetur
164 2289 203 2329 ant
219 2283 372 2341 imminuitur,
397 2282 487 2343 reliqua
506 2284 530 2329 in
548 2281 627 2330 ethicis
644 2282 708 2331 nulla
726 2289 760 2330 est·
777 2286 835 2331 ratio

48 2360 139 2399 autres
156 2359 195 2399 aut
211 2358 337 2417 praecepta
355 2353 504 2402 discernendi.
839 2368 841 2371 ·

363 2443 365 2446 ’
413 2454 474 2523 §.a

84 2547 126 2593 De
142 2555 243 2599 naturai
261 2552 378 2600 ethicae
395 2553 584 2600 necessitatis
602 2550 798 2614 arbitrandil)

100 2629 155 2688 lua,
176 2646 235 2689 quae
253 2635 323 2695 apud,
334 2635 479 2681 Her'mesium
497 2641 541 2693 est,
559 2635 740 2681 theoreticorunr
758 2635 833 2680 admi-

46 2700 105 2745 ratio
121 2706 144 2746 et
156 2700 258 2761 integrae
272 2706 385 2765 totiusque
402 2712 496 2753 naturae
509 2706 625 2752 humanae
639 2705 756 2766 neglectio
767 2721 834 2751 curn-

45 2772 146 2830 maxime
165 2768 230 2816 hunc
246 2772 322 2820 locum
340 2777 448 2838 corrupit.
492 2778 520 2823 In
543 2775 592 2821 hoc
610 2775 669 2821 euim
687 2776 833 2836 propositum

46 2847 94 2885 erat
111 2847 137 2887 ui
154 2840 320 2899 ostenderetur,
335 2850 385 2892 tum
400 2847 518 2908 aliquas
533 2862 569 2892 res
581 2860 630 2892 esse
643 2843 724 2891 ethicis
740 2845 833 2904 potissi-

46 2933 189 2945 —w———u-

91 2985 113 3039 1)
128 2989 221 3030 Hermes.
234 2990 249 3028 1.
261 3002 278 3028 c.
293 3000 341 3042 pag·
355 2992 484 3037 212—244.
